3967 6217
622 337 768 399 am

1739 339 1971 401 cobzx
2013 331 2799 397 statmo-tltsxnt’mttts.
3686 337 3747 394 tri

622 462 682 511 et
715 450 913 522 scient,
958 447 1107 529 quod
1137 470 1242 532 ego
1292 471 1416 516 sum
1470 456 1754 517 Dominus.
1783 457 1873 514 20.
1903 455 1971 514 Et
2001 454 2205 512 iactum
2234 463 2283 516 Α
2307 468 2433 509 enm
2471 455 2521 524 ζ.
2555 453 2641 508 12.
2684 449 2752 507 Et
2768 447 3169 524 perdiderunt
3200 461 3350 513 enm.
3370 455 3423 503 et
3445 444 3679 502 deterrunt
3700 465 3751 506 e·

623 553 711 602 est
748 545 805 603 in
847 561 995 603 anno
1046 548 1358 617 undecimo,
1394 550 1451 607 in
1489 565 1675 607 mense
1729 550 1929 621 primo,
1972 548 2207 619 septimo

625 636 856 705 mensis,
881 635 1083 695 lactum
1116 647 1201 696 est
1237 640 1464 697 verbum
1500 638 1713 698 Domini
1744 638 1813 695 ad
1837 654 1945 706 me,
1977 638 2205 694 dicens:

625 725 719 781 21.
766 725 868 784 Fili
905 727 1166 797 hominis,
1199 729 1424 788 brachia
1474 729 1779 788 Pharaonis
1805 730 1949 802 regis
1985 727 2207 802 AEgypti

625 816 884 886 contrivi,
912 828 968 876 et
995 834 1125 877 ecce
1163 835 1275 878 non
1309 821 1582 892 obligatus
1626 831 1733 887 est.
1761 822 1832 878 ad
1880 821 2123 878 dandum
2155 820 2208 876 ei

628 908 918 977 medelam,
948 919 1007 967 ut
1039 911 1264 970 daretur
1289 928 1455 986 super
1493 928 1621 972 eum
1647 913 1943 986 malagma,
1970 912 2041 968 ad
2069 910 2209 967 dan-

629 999 761 1056 dum
795 1001 985 1071 robur,
1034 1015 1094 1062 ut
1140 1013 1353 1063 teneret
1403 1005 1669 1079 gladium.
1698 1005 1791 1061 22.
1828 1003 2057 1075 Propter
2102 1002 2209 1061 hoc

628 1090 746 1148 haec
763 1091 898 1151 dicit
920 1094 1186 1153 Dominus
1212 1095 1521 1155 Dominus:
1555 1096 1699 1155 Ecce
1743 1112 1847 1170 ego
1871 1112 2044 1168 super
2063 1096 2213 1153 Pha-

626 1198 859 1242 raonem
912 1201 1096 1258 regem
1129 1185 1372 1261 AEgypst,
1402 1197 1462 1245 et
1488 1198 1770 1246 conteram
1808 1187 2033 1245 brachia
2086 1187 2208 1259 eius

628 1270 810 1341 sortia,
842 1284 895 1333 et
932 1275 1220 1348 disposita,
1252 1280 1323 1349 js(
1347 1287 1404 1336 et
1436 1294 1533 1336 eos
1563 1282 1588 1353 ζ
1625 1282 1719 1351 qui
1746 1280 1992 1347 contriti,
2022 1290 2076 1337 et
2110 1280 2210 1337 de·

623 1362 813 1433 iieiam
842 1366 1081 1438 gladium
1116 1368 1184 1424 de
1217 1383 1384 1425 manu
1415 1370 1538 1442 ejus
1569 1370 1703 1428 :25-
1734 1378 1790 1428 et
1822 1370 2206 1429 disseminabo

625 1457 816 1528 χτὴν
841 1459 866 1529 ζ
896 1457 1191 1531 AEgyptum
1245 1459 1299 1516 in
1335 1470 1545 1533 gentes,
1593 1470 1652 1519 et
1695 1463 1970 1520 ventilabo
2020 1477 2117 1520 eos
2151 1461 2208 1517 in

627 1545 878 1616 regiones
908 1564 923 1601 ε
949 1545 1041 1601 24.
1079 1557 1136 1604 et
1167 1548 1537 1607 corroborabo
1575 1551 1800 1608 brachia
1848 1552 1992 1626 regis
2027 1551 2208 1624 Baby-

627 1635 795 1703 lonis,
840 1645 897 1694 et
930 1635 1072 1694 daho
1122 1638 1360 1712 gladium
1410 1656 1594 1700 meum
1627 1643 1684 1716 in
1726 1659 1952 1700 manum
1980 1643 2124 1716 ejus,
2152 1652 2210 1700 et

628 1726 853 1785 inducet
884 1744 1012 1786 eum
1049 1746 1214 1802 super
1242 1729 1564 1806 Emptum,
1604 1743 1659 1791 et
1698 1734 2010 1807 deportabit
2032 1734 2207 1808 capti-

627 1820 848 1876 vitatem
882 1818 1024 1892 ejus,
1067 1831 1123 1879 et
1173 1822 1506 1894 praedabitur
1554 1825 1789 1897 praedam
1844 1824 1989 1897 ejus.
2018 1824 2111 1882 25.
2142 1823 2210 1880 Et
2237 1807 2281 1864 Β
2308 1814 2492 1871 minus
2520 1814 2598 1885 (d)
2626 1812 2896 1872 Dominus
2927 1830 2945 1869 ε
2980 1815 3051 1870 ln
3095 1813 3221 1878 die.
3237 1827 3358 1884 quo
3379 1804 3636 1867 descendit
3657 1799 3777 1856 ini&

627 1907 998 1966 corroborabo
1040 1910 1262 1968 brachia
1310 1912 1457 1985 regis
1494 1909 1827 1986 Babylonis3
1858 1911 2083 1969 brachia
2107 1924 2210 1967 au-

626 2010 737 2056 tem
789 2000 1096 2059 Pharaonis
1130 2003 1350 2061 cadent.
1394 2001 1464 2060 Et
1508 2005 1709 2078 scient,
1747 2006 1896 2078 quod
1943 2023 2048 2079 ego
2083 2020 2206 2062 sum

628 2091 917 2159 Dominus,
956 2107 1081 2149 cum
1127 2094 1333 2152 dedero
1393 2095 1635 2168 gladium
1674 2112 1856 2154 meum
1900 2096 1955 2153 in
2011 2111 2209 2153 manus

629 2180 776 2252 regis
837 2180 1153 2253 Babylonis,
1211 2194 1270 2241 et
1311 2184 1566 2244 eduxerit
1605 2201 1733 2244 eum
1791 2201 1958 2259 super
2006 2195 2208 2243 terram

627 2268 871 2343 AEgypti.
905 2271 998 2329 26.
1025 2272 1093 2329 Et
1128 2274 1503 2334 disseminabo
1532 2278 1601 2346 Χ
1620 2277 1722 2351 τὴν
1755 2279 1780 2349 2
1811 2276 2107 2349 AEgyptum
2153 2276 2210 2333 in

628 2373 839 2431 gentes,
886 2370 944 2420 et
989 2364 1268 2421 ventilabo
1295 2381 1393 2423 eos
1439 2367 1497 2423 in
1540 2366 1815 2439 regiones,
1844 2375 1901 2423 et
1931 2366 2105 2423 scient
2140 2377 2206 2422 -t-

629 2468 823 2510 omnes
848 2451 1090 2526 AEgyptii
1119 2453 1168 2527 ζ.
1193 2456 1340 2528 quod
1368 2471 1471 2529 ego
1488 2472 1611 2514 sum
1637 2455 1926 2513 Dominus.

699 2544 836 2615 Cap.
863 2544 1060 2602 XXXI.
1086 2547 1226 2603 -¹.
1267 2547 1333 2603 Et
1373 2561 1505 2605 ecce
1532 2547 1590 2604 in
1623 2562 1768 2604 anuo
1806 2548 2118 2617 undecimo,
2149 2548 2209 2606 in

630 2645 820 2689 mense
841 2634 1023 2695 tertio.
1058 2650 1171 2692 uno
1203 2638 1432 2704 mensis,
1477 2635 1685 2695 sactum
1711 2647 1797 2695 est
1843 2639 2072 2695 verbum
2099 2637 2208 2695 Do-

631 2723 765 2779 mini
789 2726 857 2781 ad
884 2741 994 2795 me,
1034 2725 1268 2783 dicens:
1304 2727 1359 2784 2.
1388 2727 1489 2783 Fili
1535 2728 1796 2795 hominis,
1836 2728 1926 2785 dic
1967 2730 2035 2785 ad
2064 2727 2209 2785 Pha-

628 2826 853 2868 raonem
897 2827 1081 2884 regem
1116 2813 1360 2887 AEgypti,
1394 2826 1449 2873 et
1503 2816 1839 2873 multitudini
1892 2818 2064 2890 eins:
2108 2817 2209 2875 Cui

628 2904 947 2961 assimilasti
981 2914 1032 2960 te
1065 2905 1121 2961 in
1150 2906 1438 2965 altitudine
1461 2909 1661 2966 tua25.
1688 2907 2024 2967 EcceAssur
2045 2924 2208 2982 cypa-

631 2995 810 3052 rissus
835 2995 887 3051 in
913 2994 1144 3066 Libano,
1176 3007 1231 3055 et
1255 3000 1485 3070 pulcher
1536 3001 1807 3074 virgultis,
1834 3004 1903 3072 Χ
1925 3010 1980 3059 et
2004 3002 2209 3060 densus

629 3086 685 3141 in
745 3087 1065 3145 umbraculo
1116 3090 1166 3161 ζ,
1211 3099 1266 3146 et
1312 3092 1562 3149 excelsus
1613 3092 2006 3164 magnitudine,
2044 3102 2100 3149 et
2150 3093 2205 3148 in

629 3177 814 3234 medio
838 3180 1063 3236 nubium
1101 3180 1304 3240 lactum
1337 3192 1421 3239 est
1441 3182 1770 3256 principium
1794 3183 1936 3255 ejus.
1961 3181 2018 3238 ὅ.
2051 3182 2209 3254 Aqua

629 3270 859 3328 nutrivit
879 3287 1029 3338 eum,
1062 3273 1296 3347 abyssus
1327 3273 1590 3330 exaltavit
1641 3289 1791 3340 eum,
1835 3272 2034 3329 fluvios
2081 3288 2213 3329 suos

627 3362 817 3419 eduxit
870 3363 1019 3421 circa
1081 3365 1296 3435 plantas
1347 3380 1498 3433 snas,
1546 3373 1604 3421 et
1647 3365 1879 3422 lacunas
1938 3363 2123 3421 emisit
2156 3364 2211 3419 in

630 3452 819 3508 omnia
845 3453 992 3524 ligna
1013 3453 1211 3524 campi.
1249 3453 1305 3511 5.
1338 3452 1568 3526 Propter
1597 3456 1703 3513 hoc
1726 3455 1937 3512 elevata
1970 3461 2057 3510 est
2093 3467 2214 3508 ma-

628 3541 860 3616 gnitudo
884 3543 1007 3613 ejus
1027 3544 1173 3614 plus,
1208 3560 1375 3615 quam
1405 3544 1593 3612 omnia
1632 3544 1768 3618 ligni
1820 3545 2021 3616 campi,
2047 3554 2102 3600 et
2131 3543 2215 3599 di-

633 3633 792 3691 iatati
830 3641 964 3690 sunt
988 3634 1128 3690 rami
1156 3634 1299 3711 eius,
1320 3645 1377 3692 et
1399 3650 1459 3693 se
1482 3635 1797 3692 extulerunt
1827 3633 2069 3706 virgulta
2094 3633 2215 3703 eius

632 3739 800 3797 super
831 3739 1029 3796 aquam
1061 3726 1310 3795 multam,
1331 3727 1401 3796 Χ
1422 3741 1548 3783 cum
1578 3725 1973 3784 see'xtcnderet
2001 3723 2054 3794 ζ.
2080 3722 2136 3778 6.
2155 3721 2213 3778 ln

633 3816 885 3890 virgultis
925 3817 1045 3889 elus
1073 3817 1425 3875 niditicaruut
1452 3833 1647 3876 omnes
1698 3818 1952 3875 volucres
1979 3816 2128 3884 coeli,
2160 3825 2216 3874 ct

634 3910 739 3967 suh
758 3909 930 3968 ramis
957 3910 1080 3983 ejus
1116 3918 1421 3983 genuerunt
1458 3925 1652 3968 omnes
1683 3909 1870 3966 bestiae
1915 3910 2117 3980 campi,
2156 3910 2212 3967 in

634 4003 828 4058 umbra
876 4001 997 4073 eius
1057 4001 1325 4059 habitavit
1370 4004 1554 4059 omnis
1607 4001 1900 4058 multitudo
1943 4001 2209 4072 gentium.

637 4091 689 4148 7.
713 4093 782 4149 Et
809 4102 929 4152 erat
954 4094 1180 4164 pulcher
1207 4096 1263 4151 in
1295 4094 1583 4152 altitudine
1624 4110 1724 4151 sua
1773 4102 1997 4166 propter
2037 4095 2215 4167 longi·

635 4184 881 4242 tudinem
911 4200 1189 4243 ramorum
1223 4202 1473 4254 suorum,
1512 4187 1643 4260 quia
1672 4196 1832 4243 erant
1862 4189 2076 4247 radices
2095 4188 2215 4261 ejus

636 4280 692 4334 in
718 4296 861 4351 aqna
912 4280 1105 4336 multa.
1141 4280 1196 4337 8.
1229 4281 1295 4336 Et
1325 4280 1591 4353 cyparissi
1629 4296 1738 4336 non
1764 4281 1832 4354 (t)
1867 4283 2006 4339 tales
2033 4283 2090 4337 in
2121 4295 2217 4351 pa-

635 4368 819 4426 radiso
852 4369 966 4436 Del,
1012 4377 1068 4424 et
1106 4368 1254 4425 cedri
1309 4383 1418 4424 non
1458 4367 1669 4425 similes
1705 4369 1956 4440 virgultis
1992 4368 2134 4437 eius,
2159 4374 2217 4422 et

635 4463 841 4520 abietes
876 4476 983 4518 non
1020 4461 1240 4519 luerunt
1292 4461 1503 4519 similes
1557 4462 1726 4519 ramis
1752 4462 1907 4532 ejus:
1942 4474 2108 4517 omne
2148 4458 2216 4514 li·
2246 4461 2291 4520 D
2321 4462 2639 4526 multarum,
2661 4473 2716 4518 et
2752 4459 3033 4518 extraham
3072 4471 3124 4517 te
3170 4461 3226 4518 in
3262 4462 3435 4518 hamo
3463 4460 3594 4508 meo,
3626 4435 3670 4492 ⁴·

635 4569 805 4624 gnum
825 4554 881 4609 in
920 4555 1176 4625 paradiso
1205 4553 1298 4611 Dci
1317 4568 1426 4610 non
1454 4552 1820 4611 assimilatum
1842 4563 1926 4610 est
1944 4553 1994 4609 ei
2018 4552 2072 4607 in
2095 4549 2214 4623 pul-

633 4641 946 4699 chritudine
975 4658 1097 4710 sua,
1122 4645 1178 4700 9.
1216 4643 1297 4714 (u)
1334 4652 1556 4714 propter
1588 4643 1995 4700 multitudinem
2033 4652 2216 4695 ramo-

634 4750 757 4791 rum
782 4733 903 4806 ejus
929 4752 943 4789 t
980 4733 1060 4807 (x)
1076 4742 1131 4790 et
1160 4735 1414 4791 aemulata
1439 4745 1567 4792 sunt
1585 4751 1707 4792 eam
1729 4736 1913 4791 omnia
1944 4734 2093 4803 ligna
2118 4744 2217 4801 pa-

2308 540 2471 599 alieni
2502 551 2862 612 corruptores
2916 539 2997 595 de
3052 536 3343 610 gentibus,
3371 548 3426 591 et
3460 535 3751 606 dejecemm

2306 648 2475 705 super
2502 634 2783 690 montibus
2816 649 2834 689 ε
2862 631 2932 688 in
2958 628 3243 686 omnihus
3267 625 3753 686 convallibustetidutt

2307 722 2447 778 rami
2473 721 2616 793 eius,
2640 732 2700 779 et
2740 721 3024 780 contrita
3080 726 3223 778 sunt
3255 718 3563 790 propagines
3593 717 3751 788 clastra

2306 814 2457 870 omni
2503 827 2702 886 campo
2749 823 2949 882 terrae.
3014 820 3079 872 et
3134 809 3534 869 descenderunt
3576 807 3633 866 de
3662 813 3755 862 aab

2308 905 2434 961 culo
2466 903 2542 977 (b)
2575 905 2697 977 elus
2728 919 2941 964 omnes
2964 913 3181 978 gentes
3199 901 3539 975 populorum.
3558 899 3618 971 (ε)
3639 898 3758 955 udus

2309 1003 2439 1052 runt
2492 1011 2641 1054 eum.
2695 995 2783 1054 15.
2835 995 3051 1070 Super
3104 994 3337 1052 ruinam
3380 993 3498 1064 ejus
3543 991 3757 1062 requiem

2305 1098 2502 1142 omnes
2526 1085 2782 1144 volucres
2802 1083 2971 1150 coeli,
3003 1089 3069 1140 et
3094 1096 3279 1153 super
3311 1076 3616 1151 propagines
3637 1075 3759 1146 ejusl-

2307 1183 2436 1232 runt
2458 1190 2651 1233 omnes
2680 1175 2877 1234 bestiae
2920 1173 3084 1239 arvi,
3121 1173 3220 1229 ss.
3251 1179 3319 1230 ut
3349 1183 3493 1227 nese
3517 1168 3763 1232 elimans

2307 1266 2684 1338 magnitudine
2706 1283 2806 1326 sua
2845 1264 3064 1323 omnia
3100 1265 3289 1337 ligna,
3312 1276 3437 1334 ηοω
3462 1260 3515 1315 ἰιι
3536 1273 3650 1330 aqua
3668 1268 3759 1310 :sn

2307 1358 2573 1416 dederunt
2610 1358 2947 1431 principium
2986 1371 3173 1415 suum
3204 1356 3266 1412 in
3292 1353 3530 1410 medium
3556 1352 3765 1410 nubium...

2308 1458 2577 1506 steterunt
2610 1453 2679 1522 χ
2718 1451 2786 1507 ad
2823 1466 2889 1508 ea
2935 1449 2965 1522 ζ
3005 1450 3073 1506 in
3125 1446 3434 1504 altitudine
3479 1459 3572 1500 sua
3602 1447 3757 1497 omns!

2308 1539 2503 1598 hentes
2544 1555 2777 1612 aquam;
2807 1541 2948 1613 quia
2984 1554 3209 1597 omnes
3260 1537 3380 1594 dati
3412 1542 3537 1592 sunt
3576 1532 3621 1590 in
3654 1539 3759 1584 motta

2308 1630 2364 1687 in
2390 1631 2718 1705 profundum
2745 1642 2905 1690 terra
2937 1629 3004 1689 in
3044 1630 3252 1688 medio
3278 1628 3522 1685 liliorum
3536 1623 3761 1679 hominu-,1

2308 1738 2427 1789 ens,
2465 1724 2563 1792 qui
2596 1723 2938 1780 descendunt
2973 1723 3038 1779 in
3090 1721 3349 1778 foveam.
3392 1715 3478 1773 15.
3506 1713 3617 1770 Haec
3641 1707 3759 1765 dicit*

2308 1920 2463 1974 num,
2494 1904 2563 1977 (e)
2586 1903 2690 1962 reci
2716 1904 2925 1978 lugere,
2966 1903 3266 1962 constitui
3299 1914 3471 1972 super
3487 1911 3599 1954 eum
3618 1891 3764 1962 :byn

2306 2006 2364 2056 et
2390 1998 2612 2055 cohibui
2656 1998 2881 2054 flumina
2942 1997 3107 2070 ejus,
3139 2004 3206 2054 et
3256 1990 3489 2053 cohibui
3530 1981 3763 2045 multione

2309 2104 2470 2161 aque
2501 2106 2518 2144 ε
2557 2099 2612 2147 et
2660 2088 3073 2148 obtenebratus
3137 2095 3237 2146 est
3281 2099 3461 2156 super
3499 2094 3611 2136 eum
3646 2074 3761 2130 Lib·

2309 2181 2498 2239 omnia
2533 2182 2680 2255 ligna
2733 2178 2915 2255 campi
2982 2195 3180 2256 super
3228 2193 3303 2236 eo
3348 2176 3425 2248 (Ω
3469 2168 3687 2230 dissoluta
3710 2175 3781 2234 Ψ,

2310 2274 2477 2333 16.Α
2515 2290 2649 2333 voce
2714 2274 2888 2334 ruinae
2943 2273 3081 2345 ejus
3144 2273 3511 2330 tremuerunt
3563 2267 3781 2332 geatam*

2314 2365 2643 2424 descendere
2687 2365 2931 2423 lacerent
2956 2379 3101 2423 eum
3128 2364 3195 2420 in
3236 2359 3525 2419 infernum
3554 2347 3761 2408 cunm

2311 2456 2567 2515 dentibus
2610 2457 2666 2512 in
2704 2455 2962 2513 foveam:
3001 2455 3093 2528 (9)
3139 2462 3204 2512 et
3240 2447 3651 2510 consolabantur
3675 2445 3761 2490 eu*

2308 2556 2454 2606 terra
2486 2548 2675 2605 intima
2704 2548 2893 2605 omnia
2942 2548 3107 2621 ligna
3140 2545 3520 2606 deliciarum,
3551 2543 3599 2591 a
3620 2531 3761 2587 ΜΡ

2308 2647 2365 2697 et
2401 2639 2687 2712 pulchra:
2733 2637 2930 2697 Libani
2987 2638 3227 2703 omnia,
3276 2649 3413 2708 quat
3479 2627 3753 2686 bibunt&

2312 2731 2400 2789 ¹7.
2436 2730 2655 2788 Etenim
2695 2730 2790 2786 isti
2826 2745 2953 2787 cum
2984 2745 3055 2787 eo
3110 2725 3542 2787 descenderunt
3564 2719 3609 2772 in
3630 2709 3756 2768 inim·

2309 2821 2366 2878 in
2394 2820 2596 2877 occisis
2632 2835 2664 2876 a
2714 2819 2915 2892 gladio,
2949 2829 3005 2876 et
3057 2834 3275 2878 semen
3310 2815 3463 2888 ejus,
3492 2805 3753 2898 habitati&

2311 2910 2633 2968 umbraculo
2687 2910 2810 2982 ejus
2858 2910 2917 2966 in
2985 2910 3189 2967 medio
3264 2908 3403 2964 vita
3455 2915 3565 2959 suae
3608 2887 3747 2968 μῆ

2310 3004 2400 3061 18.
2432 3001 2529 3058 Cui
2563 2999 2900 3059 assimilatus
2946 3015 3007 3057 es
3057 3004 3137 3072 Χ
3175 2999 3323 3067 Th..
3378 2997 3439 3053 iu
3482 2982 3747 3086 sonim:

2314 3094 2371 3150 in
2395 3093 2588 3165 gloria,
2618 3101 2676 3150 et
2703 3091 2759 3149 in
2793 3092 3186 3165 magnitudine
3228 3092 3292 3147 in
3323 3085 3499 3160 lignis
3523 3073 3743 3137 defflu-

2313 3194 2369 3243 et
2394 3185 2681 3252 descende,
2727 3193 2784 3241 et
2820 3184 3093 3244 deducere
3144 3198 3286 3241 cum
3315 3177 3494 3253 lignis
3525 3164 3745 3256 ‹taint-⁹

2312 3274 2646 3348 protundum
2696 3281 2858 3331 terrae
2905 3292 2923 3330 z
2962 3274 3019 3330 in
3066 3273 3271 3331 medio
3320 3283 3439 3326 non
3478 3251 3738 3323 cin-³¹⁶

2311 3366 2552 3423 dormies
2588 3381 2714 3422 cum
2763 3365 2964 3422 occisis
2996 3365 3216 3437 gladio.
3252 3362 3354 3419 Sic
3384 3337 3733 3444 Pharawlss¹

2313 3456 2606 3514 multitudo
2635 3471 2698 3513 -t-
2727 3455 3068 3514 lortitudinis
3105 3458 3131 3527 ζ
3162 3456 3322 3528 eius,
3352 3448 3497 3509 dicit
3523 3418 3723 3500 Μ’

2312 3548 2517 3605 minus.

2384 3635 2515 3707 Cap.
2543 3636 2766 3693 xxxii.
2797 3667 2870 3680 —
2897 3638 2949 3694 t.
2984 3635 3052 3693 Et
3079 3633 3306 3695 tactum
3360 3637 3451 3691 est
3508 3627 3560 3682 in
3596 3599 3749 3674 *Μ*

2313 3727 2551 3795 decimo.
2580 3728 2636 3784 in
2665 3742 2855 3786 mense
2901 3725 3142 3794 decimo,
3171 3743 3294 3783 uno
3336 3718 3565 3781 mensis.
3593 3697 3753 3798 fimf?

2313 3820 2541 3876 verbnm
2590 3818 2810 3875 Domini
2860 3818 2929 3875 ad
2970 3834 3079 3887 me,
3130 3819 3341 3877 dicens
3376 3814 3481 3872 22.
3508 3803 3600 3864 Fili
3632 3791 3753 3852 W

2314 3927 2533 3968 assume
2557 3911 2860 3967 lamentum
2884 3926 3053 3982 super
3078 3907 3442 3967 Pharaonem
3470 3880 3758 3967 mamm

2312 4016 2368 4063 et
2392 4005 2544 4064 dices
2570 4003 2662 4061 ei:
2702 4004 2780 4076 (Ιι)
2803 4002 2972 4061 Leoni
3014 4004 3265 4076 gentium
3299 3977 3761 4058 assimssatffiffl'i‘

2314 4098 2456 4155 sicut
2476 4098 2644 4154 draco
2666 4096 2721 4153 in
2742 4096 2902 4162 mari,
2932 4102 2988 4151 et
3007 4092 3416 4166 cornupetehas
3431 4073 3699 4143 numinibus
3713 4067 3762 4112 ἵ*
3784 4095 3785 4098 “

2313 4198 2370 4247 et
2395 4188 2764 4246 conturbabas
2808 4202 3008 4260 aquam
3064 4186 3305 4259 pedibus
3351 4182 3486 4242 tuis.
3514 4171 3575 4245 (ὓ
3598 4159 3761 4223 θῑωω
3784 4223 3785 4238 ,

2315 4282 2481 4337 canas
2506 4279 2735 4336 flumina
2774 4286 2886 4336 tua.
2920 4279 2972 4335 5.
2991 4275 3119 4333 Baec
3146 4275 3287 4334 dicit
3316 4267 3579 4332 Dominus
3598 4245 3787 4395 ⁰⁰:235

3694 4401 3787 4546 tw]

2315 4371 2383 4427 Et
2403 4371 2604 4442 jaciam
2639 4378 2876 4443 superte
2901 4369 3039 4426 retia
3072 4371 3141 4439 χ
3170 4385 3321 4435 mea,
3356 4367 3414 4422 in
3443 4365 3580 4419 coetu
3602 4349 3669 4420 ΞΒ

2319 4552 2609 4610 extendam
2635 4563 2687 4610 te
2721 4563 3113 4627 superterram
3146 4572 3159 4609 :
3194 4549 3379 4624 campi
3426 4529 3732 4613 implebunt·l
3748 4519 3767 4556 ‘¹

2320 4652 2375 4699 et
2403 4641 2687 4700 subsidere
2726 4642 2925 4700 faciam
2954 4658 3121 4715 super
3148 4654 3201 4698 te
3230 4653 3428 4697 omnes
3462 4627 3680 4686 volucr&
3704 4585 3787 4676 ‘ff‘

2319 4742 2375 4791 et
2421 4734 2681 4790 saturabo
2735 4735 2803 4792 de
2851 4746 2907 4791 te
2959 4749 3154 4790 omnes
3212 4733 3425 4789 bestias
3468 4713 3635 4780 omnis
3669 4703 3763 4758 “f''

633 4827 802 4882 radisi
825 4827 1434 4897 jucunditatisXDeit.
1457 4828 1543 4883 to,
1568 4827 1795 4900 Propter
1820 4828 1923 4883 hoc
1951 4822 2218 4880 haecdicit
2320 4825 2375 4881 5.
2410 4833 2465 4879 et
2493 4824 2634 4881 dabo
2679 4840 2903 4882 carnem
2934 4835 3083 4880 tuam
3118 4837 3284 4895 super
3311 4824 3543 4880 montes,
3566 4811 3613 4860 θ’
3640 4779 3776 4918 ’Ψῴῑί

541 4963 560 4980 ,
637 4912 903 4970 Dominus
925 4915 1190 4973 Dominus
1223 4933 1239 4972 ε
1280 4915 1389 4973 Pro
1408 4932 1476 4975 eo
1495 4918 1642 4989 quod
1673 4916 1851 4973 iactus
1890 4929 1951 4971 es
1979 4926 2215 4983 magnus
2323 4916 2390 4985 Χ
2425 4915 2591 4972 valles
2626 4915 2650 4988 ζ
2695 4915 2759 4989 (Ι)
2795 4915 2864 4972 de
2919 4915 3190 4987 sanguine
3244 4922 3358 4978 tuo.
3393 4910 3448 4965 6.
3480 4910 3534 4959 et
3575 4875 3738 4956 ifffssffl

635 5006 1033 5080 magnitudine.
1059 5019 1115 5066 et
1130 5007 1329 5066 dedisti
1353 5011 1681 5083 principium
1712 5018 1864 5064 tnum
1895 5008 1950 5062 in
1975 5005 2213 5062 medium
2321 5017 2464 5065 terra
2505 5009 2602 5081 (m)
2634 5007 2969 5066 stercoribus
3002 5007 3113 5064 mig
3153 5024 3185 5062 ῃ
3220 4996 3565 5061 mututudine
3588 4992 3669 5088 ⁴⁸¹1³
3691 4967 3779 5094 ⁵⁰5:

632 5101 712 5170 (9)
737 5098 963 5155 numum
987 5099 1085 5173 (²)·
1115 5109 1170 5156 ⁰¹·
1193 5100 1328 5169 Vidi·
1358 5117 1484 5158 cum
1521 5100 1873 5163 exallat'elur,
1899 5097 1988 5153 il.
2019 5106 2074 5153 et
2103 5109 2216 5152 tra·
2316 5102 2596 5158 montibus
2639 5118 2653 5156 =
2687 5100 2857 5156 valles
2883 5098 3123 5172 implebo
3150 5107 3225 5164 te,
3249 5097 3380 5153 ’λοι
3400 5065 3781 5192 c00l>⁶¹¹²¹¹¹·‘.⁰‚ffi

632 5186 748 5244 didi
781 5206 908 5246 eum
942 5190 1000 5247 in
1044 5208 1243 5250 manus
1272 5193 1537 5266 principis
1564 5192 1830 5265 gentium,
1851 5199 1906 5246 et
1931 5189 2060 5244 l'ecit
2090 5203 2215 5260 per·
2315 5193 2623 5251 exstinctus
2673 5190 2866 5257 tueris,
2916 5189 3140 5256 coelum,
3175 5198 3231 5246 et
3276 5179 3633 5245 tenebrescere
3668 5154 3775 5276 52⁶¹oe

638 5279 900 5339 ditionem
954 5282 1080 5356 ejus
1125 5300 1139 5338 :
1179 5285 1334 5357 juxta
1389 5285 1696 5358 impietates
1744 5281 1866 5352 ejus
1898 5283 1967 5354 Β(
1997 5280 2212 5353 ejiciam
2317 5285 2504 5342 stellas
2543 5284 2688 5355 ejus,
2717 5285 2888 5339 solem
2947 5281 3004 5340 in
3046 5281 3192 5339 nube
3229 5279 3486 5354 operiam.
3515 5273 3565 5322 θ*
3606 5249 3742 5312 ¹¹¹⁰²⁰

712 5453 779 5525 (θ)
811 5455 930 5512 Non
976 5473 1305 5531 superarunt
1337 5480 1483 5522 eam.
1584 5462 1663 5531 (u)
1691 5461 1812 5526 rte..
1873 5465 2160 5547 pulchram
2195 5463 2296 5522 leci
2331 5481 2451 5522 eam
2507 5465 2563 5519 ln
2590 5461 2943 5519 multitudine
2970 5477 3248 5518 ramorum
3270 5461 3409 5544 elus.
3496 5449 3566 5518 (¹)
3592 5413 3778 5548 &3⁰22

641 5527 1030 5586 ''umanum''
1061 5534 1133 5588 05·
1209 5535 1285 5607 (9)
1315 5536 1400 5600 S·.
1430 5549 1623 5614 omen·
1661 5531 1783 5614 ΤΡ..
1808 5550 2014 5618 spissa.
2092 5535 2165 5605 (z)
2192 5535 2258 5592 Et
2284 5536 2486 5592 elatum
2513 5543 2596 5589 est
2636 5548 2731 5588 cor
2767 5532 2885 5600 eius
2915 5547 3082 5618 snper
3103 5531 3391 5589 altitudine
3413 5536 3523 5584 sna.
3591 5513 3637 5578 (⁰
3666 5559 3778 5622 dmm·

642 5597 1125 5657 consummabunt.
1155 5603 1276 5673 Tre..
1311 5606 1368 5661 in
1399 5605 1658 5660 omnibus
1690 5609 1908 5663 mcntns
1939 5617 2118 5663 terrae.
2235 5605 2312 5676 (b)
2362 5604 2588 5660 Eorum.
2703 5603 2774 5670 (c)
2810 5601 2877 5659 Et
2914 5606 3228 5675 relinquent
3274 5618 3418 5658 eunt.
3516 5585 3584 5658 (d)
3639 5631 3774 5697 ‘dnm

646 5667 717 5737 (ι)
756 5663 844 5735 8.,
867 5665 982 5749 feci·
1000 5667 1054 5723 lu
1091 5687 1204 5728 ere.
1319 5675 1390 5745 (s)
1428 5675 1514 5740 S..
1546 5684 1828 5732 mutarunt
1866 5680 2129 5750 speciem.
2234 5680 2311 5746 (9)
2355 5675 2439 5738 S..
2484 5683 2538 5727 ct
2564 5673 2994 5728 consolationem
3038 5671 3264 5744 accepit.
3343 5671 3418 5742 (Ιι)
3462 5661 3537 5722 8..
3583 5659 3635 5718 Ρε

646 5740 709 5810 ti)
742 5737 1042 5810 S.,calcttr
1114 5757 1195 5802 as.
1276 5745 1349 5816 (k)
1380 5743 1499 5805 Th..
1524 5754 1574 5800 et
1598 5755 1878 5806 conteram
1903 5757 1973 5807 te.
2054 5747 2116 5820 (Ι)
2148 5743 2232 5815 S..
2258 5743 2577 5804 vermiculis
2616 5740 2744 5801 tuis.
2823 5743 2917 5815 (m)
2942 5742 3023 5812 S..
3063 5753 3273 5802 stercus
3305 5751 3453 5800 tuum
3475 5738 3589 5798 ⁵³¹¹ss
