3967 6217
558 294 699 351 2755

1661 281 1888 339 coum(
1932 276 2730 346 SYttt.¹tc‘0·ttExA·t>t.ARtS.

3710 283 3843 340 2⁹3⁴}

557 423 614 467 ct
645 406 1036 478 seeundum-(i)
1068 403 1229 468 ostia.
1266 416 1386 473 quae
1428 416 1457 456 a
1497 401 1766 471 principio
1810 400 2135 464 ambulacri,
2162 404 2209 461 Α
2242 397 2339 452 dio
2374 396 2571 451 domus
2603 392 2820 451 Israelis
2853 392 2908 448 in
2935 391 3350 463 sempiternum.
3382 389 3449 447 Et
3490 407 3622 450 uon
3654 399 3839 465 proh-

564 514 739 571 usque
760 500 826 554 ad
851 500 1033 554 lumen
1061 494 1321 551 momenti
1336 493 1552 554 calami,
1576 502 1627 546 et
1655 506 1851 546 ³versus
1867 490 2133 546 orientem

562 592 628 647 ad
676 590 1086 661 ingrediendum
1137 569 1301 656 super
1339 584 1426 639 iis.
1467 584 1551 639 13.
1588 581 1652 636 Et
1679 582 1818 636 dixit
1872 580 1941 636 ad
1996 594 2082 635 me
2117 598 2131 635 :

564 681 790 736 Exedroe
821 695 942 750 qnae
973 678 1040 733 ad
1068 675 1382 747 aquilonem
1410 716 1425 740 ‚
1459 682 1512 728 et
1543 674 1755 727 exedrae
1781 687 1905 742 quae
1941 671 2008 726 ad
2036 686 2137 726 au·

562 785 737 827 strum
764 812 779 838 ,
806 787 928 842 quae
962 777 1089 824 sunt
1118 782 1310 823 versus
1340 765 1537 820 faciem
1573 763 1983 820 intervallorum
2006 801 2023 827 ,
2052 762 2136 817 bae

562 871 689 918 sunt
724 863 935 919 exedrae
982 858 1291 915 Sanctuarii
1318 897 1333 923 ,
1371 856 1427 911 in
1470 856 1669 926 quibus
1721 856 2011 911 comedent
2057 853 2132 909 ibi

562 953 894 1019 sacerdote5‚
927 953 1019 1007 lilii
1051 951 1289 1015 Sadduc,
1322 948 1820 1019 appropinquantes
1842 946 1910 1002 ad
1943 945 2130 1001 Domi·

562 1059 710 1109 num,
745 1044 801 1099 in
859 1051 1043 1101 sancta
1073 1039 1400 1096 Sanctorum
1425 1077 1439 1102 ,
1469 1047 1524 1093 et
1563 1038 1635 1095 ini
1679 1044 1884 1107 ponent
1929 1035 2130 1093 Sancta

574 1145 909 1202 sanctorum,
941 1143 996 1188 et
1027 1132 1355 1190 sacriticium
1377 1172 1393 1198 ,
1418 1139 1474 1185 et
1505 1145 1627 1200 quae
1654 1144 1753 1199 pro
1785 1136 2034 1199 peccato,
2076 1136 2132 1184 et

560 1243 681 1296 quae
738 1242 837 1298 pro
880 1226 1221 1297 ignorantia,
1271 1223 1403 1295 quia
1448 1225 1602 1278 locus
1639 1228 1863 1277 sanctus
1895 1228 2001 1275 est.
2037 1219 2127 1275 14.

558 1313 677 1374 Non
702 1317 1077 1389 ingredientur
1104 1316 1234 1371 illuc
1260 1321 1450 1385 praeter
1480 1312 1811 1377 sacerdotes,
1842 1326 1950 1366 non
1971 1325 2130 1381 egre·

560 1410 779 1466 dientur
823 1424 886 1464 ex
929 1407 1256 1462 Sanctuario
1309 1405 1364 1459 in
1398 1402 1598 1458 atrium
1642 1401 1919 1467 exterius,
1947 1414 2015 1458 -t-
2070 1409 2131 1459 ut

559 1519 774 1570 semper
800 1502 974 1557 sancti
993 1501 1124 1566 sint,
1148 1499 1239 1570 qni
1263 1498 1497 1555 offerunt
1523 1497 1583 1568 ξε
1616 1496 1687 1568 (k)
1708 1507 1761 1551 et
1785 1510 1892 1551 non
1910 1500 2131 1566 tangent

560 1596 732 1651 stolas
761 1608 978 1657 eorum,
1000 1592 1202 1663 quibus
1226 1590 1539 1644 ministrant
1564 1589 1617 1643 in
1650 1573 1749 1651 eis,
1782 1587 1910 1658 quia
1941 1595 2127 1642 sancta

560 1697 688 1744 sunt
726 1703 738 1739 :
782 1695 835 1742 et
877 1687 1101 1741 induent
1126 1684 1448 1739 vestimenta
1479 1680 1583 1736 alia
1608 1720 1626 1748 ,
1652 1680 1872 1751 qnando
1906 1687 2129 1750 tangent

563 1778 841 1848 populum.
862 1776 949 1832 15.
975 1775 1042 1830 Ει
1070 1781 1444 1830 consummata
1464 1780 1547 1827 est
1570 1770 1904 1825 mensuratio
1931 1769 2128 1825 domus

561 1868 907 1923 intrinsecus,
943 1865 1009 1920 Et
1038 1865 1225 1920 eduxit
1253 1877 1340 1918 mc
1373 1876 1537 1932 supet·
1584 1862 1670 1915 via
1705 1867 1876 1931 portae
1899 1901 1915 1926 ‚
1950 1861 2128 1930 respi-

559 1960 751 2016 cientis
784 1959 850 2014 ad
887 1958 1151 2013 orientem
1180 1997 1194 2022 ,
1234 1962 1288 2011 ει
1334 1968 1558 2009 mensus
1584 1962 1667 2007 est
1693 1952 1999 2022 exemplum
2033 1951 2131 2007 do-

559 2064 681 2104 mus
724 2046 1079 2103 circumcirca
1133 2046 1185 2098 in
1233 2043 1444 2099 ordine.
1503 2044 1590 2098 16.
1641 2041 1704 2096 Ει
1739 2042 1888 2097 stetit
1938 2055 2129 2096 versus

558 2148 802 2196 austrum
829 2146 1017 2209 portae,
1049 2135 1388 2205 respicientis
1410 2134 1475 2189 ad
1503 2133 1792 2199 orientem,
1820 2140 1875 2188 ct
1904 2146 2130 2187 ntensus

557 2239 639 2286 est
669 2230 996 2301 quingentos
1031 2228 1087 2282 in
1126 2226 1337 2281 calamo
1365 2238 1657 2279 mensurae.
1691 2222 1780 2278 17.
1821 2221 1883 2276 Ει
1912 2237 1972 2278 se
2003 2236 2129 2277 ver-

560 2322 626 2376 tit
651 2319 716 2376 ad
748 2317 1089 2389 aquilonem,
1109 2325 1163 2371 et
1188 2330 1411 2371 mensus
1426 2324 1510 2370 est
1536 2313 1757 2383 iil-quod
1779 2321 1904 2368 ante
1935 2312 2129 2368 faciem

554 2411 825 2482 aquilonis
849 2451 865 2477 ,
900 2412 1115 2467 cubitos
1143 2411 1472 2481 quingentos
1501 2410 1558 2466 in
1590 2409 1801 2464 calamo
1834 2422 2107 2463 mensurae

557 2503 645 2558 18.
681 2504 746 2558 ist
784 2517 844 2558 se
870 2503 1031 2558 vertit
1053 2503 1118 2557 ad
1159 2516 1307 2556 mare
1330 2543 1346 2568 ,
1377 2511 1432 2556 et
1461 2515 1683 2556 mensus
1715 2500 1965 2570 estquod
2011 2514 2130 2554 ver-

557 2607 655 2647 sus
686 2593 878 2648 laciem
914 2593 1083 2647 niaris
1105 2629 1120 2654 ,
1166 2591 1495 2662 quingentos
1529 2590 1584 2644 in
1623 2589 1832 2645 calamo
1858 2604 2129 2645 mensutae

556 2683 625 2753 j(
656 2698 753 2754 per
785 2683 1076 2739 circuitum
1119 2681 1172 2749 ζ.
1212 2680 1301 2735 19.
1338 2681 1402 2736 Ει
1448 2696 1507 2736 se
1541 2682 1703 2735 vertit
1731 2681 1798 2736 ad
1844 2690 2125 2746 anstrum,

555 2782 611 2828 et
633 2787 856 2828 mensus
871 2781 955 2827 est
977 2786 1168 2826 versus
1187 2781 1457 2836 austrum,
1482 2769 1810 2840 quingentos
1842 2771 1896 2825 in
1918 2771 2129 2827 calamo

557 2877 830 2919 mensurae
857 2900 872 2926 ,
903 2861 993 2916 2⁰.
1041 2860 1094 2915 in
1124 2868 1355 2931 quatuor
1399 2873 1531 2914 vero
1566 2869 1749 2930 partes
1783 2875 2016 2916 mensus
2046 2869 2131 2917 est

554 2954 747 3008 codem
773 2949 1026 3007 calamo:
1051 2959 1106 3006 ει
1134 2949 1403 3019 disposuit
1427 2949 1627 3021 ipsum,
1651 2961 1704 3006 ει
1730 2965 1911 3021 sepem
1937 2967 2128 3007 eorum

556 3060 653 3116 per
685 3042 998 3107 circuitum,
1031 3041 1456 3112 quingentorum
1490 3041 1801 3097 cubitorum
1838 3042 1904 3098 ad
1936 3044 2126 3099 orien-
2154 3070 2198 3128 c

557 3122 700 3202 tein,
735 3144 790 3190 et
831 3133 1253 3205 quingentorum
1285 3131 1592 3187 cubitorum
1642 3131 1987 3188 latitudinem
2009 3174 2025 3201 ,
2059 3134 2126 3188 ad

557 3224 1000 3297 distinguendum
1035 3223 1182 3278 inter
1221 3222 1421 3278 Sancta
1454 3230 1509 3279 et
1557 3222 1701 3278 inter
1746 3223 2125 3290 antemurale,

556 3318 702 3389 quod
731 3315 943 3373 ordinis
974 3315 1191 3371 domus.

626 3409 760 3480 Cap.
792 3406 976 3463 XLIII.
1009 3437 1084 3450 --
1122 3406 1173 3461 I.
1207 3404 1277 3461 Et
1321 3405 1551 3461 adduxit
1588 3420 1677 3462 me
1708 3422 1872 3478 super
1912 3416 2128 3478 portam

559 3498 938 3568 respicientem
985 3498 1040 3551 in
1071 3497 1361 3561 orientem,
1398 3509 1462 3551 -ι-
1487 3504 1541 3550 et
1568 3497 1725 3552 duxit
1770 3512 1855 3553 tue
1893 3497 1941 3564 ζ.
1973 3496 2028 3551 2.
2060 3496 2129 3551 Et

557 3603 686 3644 ecce
721 3588 893 3660 gloria
944 3586 1040 3643 Dei
1087 3585 1301 3641 Israelis
1343 3587 1592 3643 veniebat
1627 3602 1791 3658 super
1828 3590 1914 3643 via
1958 3597 2129 3659 portae

561 3680 905 3751 respicientis
946 3693 1137 3735 versus
1198 3679 1499 3744 orientem,
1549 3688 1603 3734 et
1635 3694 1739 3734 vox
1796 3688 2125 3748 castrorum,

559 3772 704 3826 sicut
729 3784 831 3825 vox
866 3768 1161 3823 multorum
1189 3767 1582 3838 duplicantium
1621 3780 1715 3825 :et
1739 3778 1882 3826 terra
1915 3770 2129 3829 lucebat

557 3862 699 3918 sicut
727 3860 983 3932 splendor
1011 3874 1043 3914 a
1091 3859 1260 3928 gloria
1301 3856 1520 3913 Domini
1564 3858 1942 3927 circumcirca,
1985 3862 2039 3917 ὅ.
2073 3871 2129 3918 ει

560 3950 720 4019 visio,
746 3965 910 4022 quam
935 3948 1388 4016 vidi,ffsecundum
1413 3949 1699 4018 visionem,
1725 3967 1888 4022 quam
1907 3954 2038 4020 vidi,
2062 3955 2126 4026 (l)

555 4060 724 4113 quum
759 4043 1071 4116 ingrederer
1104 4044 1170 4099 ad
1199 4045 1507 4116 ungendum
1541 4043 1751 4099 urbem.
1786 4042 1853 4099 Et
1883 4048 2022 4102 visio
2058 4062 2122 4104 -ι-

554 4151 749 4191 currus
781 4135 805 4205 ζ
838 4152 1002 4205 quem
1033 4136 1164 4202 ridi,
1188 4137 1485 4191 secundum
1514 4137 1801 4203 visionem,
1831 4153 1997 4207 quam
2017 4138 2125 4195 vidi

556 4242 721 4298 super
739 4225 966 4282 fluvium
984 4224 1207 4282 Chobar
1233 4235 1311 4283 :et
1340 4226 1479 4283 cado
1513 4241 1677 4297 super
1704 4226 1898 4283 faciem
1921 4244 2121 4294 meant,

555 4321 611 4374 4.
647 4328 700 4373 ει
739 4317 909 4388 gloria
938 4317 1158 4372 Domini
1209 4316 1454 4386 ingressa
1484 4325 1569 4372 est
1594 4317 1647 4371 in
1671 4316 1898 4372 domum
1924 4357 1940 4383 ,
1964 4332 2127 4388 super

2242 485 2446 541 nabunt
2506 483 2740 554 amplius
2791 483 2988 539 domus
3041 481 3259 540 Israelis
3308 499 3510 539 nomen
3582 499 3840 544 mann

2241 593 2445 642 meum,
2482 577 2607 645 ipsi,
2638 583 2694 631 et
2714 574 2882 631 duces
2902 589 3092 631 eorum
3120 573 3175 630 in
3210 575 3563 631 scortatione
3590 592 3730 642 sua.
3756 584 3840 644 (ιιι

2235 677 2290 722 ει
2318 666 2371 721 in
2399 666 2641 721 caedibus
2673 664 2877 720 ducum
2916 663 2971 720 in
3002 664 3184 720 medio
3215 665 3326 731 sui,
3358 664 3415 720 8.
3448 676 3509 722 et
3541 667 3655 738 qui
3683 682 3837 740 poue-

2238 756 2374 812 bant
2404 756 2571 812 limen
2597 770 2779 811 meum
2804 755 2859 809 in
2880 754 3163 811 liminibus
3189 755 3328 822 suis,
3349 766 3409 811 ct
3432 758 3833 828 superlimina-

2234 847 2315 902 ria
2366 861 2488 905 ntea
2520 847 2825 918 propinqua
2861 845 3377 916 superliminaribus
3416 850 3559 905 suis
3610 867 3631 904 z
3674 862 3731 906 et
3757 853 3833 908 de-

2234 938 2434 994 derunt
2463 938 2724 1009 parietem
2773 953 2954 994 meum
2985 939 3130 994 sicut
3171 941 3601 996 connexionem
3650 944 3760 996 snei
3790 959 3830 1000 et

2234 1029 2343 1093 sui,
2372 1039 2427 1084 et
2466 1029 2830 1099 profanarum
2861 1043 3055 1085 nomen
3090 1039 3343 1085 sanctum
3396 1046 3611 1087 meum
3644 1034 3707 1088 in
3740 1037 3817 1090 ini-

2230 1119 2535 1190 quitatibus
2565 1120 2716 1186 suis,
2752 1136 2891 1192 quas
2934 1118 3251 1177 faciebant:
3284 1129 3340 1177 et
3392 1125 3723 1179 cons-amsi
3760 1140 3827 1180 e·
3902 1149 3903 1152 ¹

2234 1212 2288 1267 in
2321 1211 2507 1267 furore
2537 1228 2678 1280 meo,
2705 1227 2769 1269 -t-
2805 1222 2859 1269 et
2886 1214 2941 1270 in
2973 1212 3249 1271 occisione
3277 1214 3327 1284 ζ.
3362 1214 3420 1269 9.
3458 1212 3657 1273 Nunc
3688 1223 3821 1289 rep

2230 1302 2345 1358 lant
2375 1305 2761 1360 scortationem
2783 1319 2963 1372 suam,
2989 1316 3043 1362 ει
3074 1305 3250 1363 cedes
3280 1305 3491 1362 ducum
3528 1323 3815 1368 suot-unt

2230 1409 2337 1460 me,
2353 1403 2409 1451 ει
2423 1396 2806 1452 commorabor
2822 1396 2877 1451 in
2902 1395 3084 1451 medio
3100 1409 3289 1451 eorum
3316 1396 3370 1451 in
3391 1399 3821 1468 sempiternus

2230 1484 2319 1539 1⁰.
2352 1484 2420 1540 Et
2447 1494 2526 1554 tu,
2561 1487 2638 1542 lili
2668 1485 2911 1543 bominis
2932 1525 2949 1552 ,
2984 1483 3212 1542 ostende
3236 1485 3430 1542 domui
3464 1483 3720 1545 IsneIis
3748 1489 3819 1544 do-

2230 1593 2401 1644 mum,
2428 1585 2483 1631 et
2509 1592 2569 1633 se
2593 1576 2926 1633 cohibebunt
2948 1591 2979 1630 a
3009 1576 3248 1646 peccatis
3270 1577 3389 1634 suis
3415 1595 3433 1634 ε
3464 1578 3561 1651 (n)
3592 1589 3657 1634 et
3682 1581 3823 1634 risio-

2230 1684 2352 1723 nem
2388 1668 2528 1739 ejus,
2558 1678 2613 1723 et
2640 1669 2885 1725 ordinem
2907 1666 3054 1738 ejus,
3094 1668 3181 1723 11.
3207 1676 3263 1724 ει
3291 1668 3372 1723 illi
3401 1670 3819 1742 accipientum

2229 1767 2470 1815 mentum
2495 1775 2654 1815 suum
2687 1775 2787 1829 pro
2807 1759 3065 1816 omnibus
3085 1797 3103 1824 ,
3136 1774 3258 1829 quae
3294 1760 3595 1816 recerunt.
3650 1760 3718 1816 Et
3742 1765 3817 1816 de-

2229 1851 2436 1907 scribes
2456 1851 2704 1917 domum,
2729 1853 2797 1920 Χ
2823 1858 2877 1907 ει
2900 1851 3346 1922 praeparationem
3379 1851 3511 1922 ejus
3560 1853 3622 1922 ζ,
3644 1865 3701 1908 ει
3718 1871 3815 1908 en·
3904 1869 3905 1872 ¹

2229 1952 2318 1998 tus
2346 1943 2488 2011 eius,
2529 1946 2597 2013 χ
2628 1953 2681 1999 et
2725 1943 2979 1999 introitus
3014 1942 3135 2012 ejus
3181 1944 3204 2012 ζ
3244 1942 3318 2013 (ο)
3352 1950 3409 1997 ει
3440 1942 3815 2000 substantia-

2228 2035 2368 2106 ejus,
2409 2045 2465 2091 et
2500 2036 2684 2091 omnia
2726 2044 2996 2107 praecepta
3042 2034 3162 2105 ejus
3187 2072 3202 2098 ,
3232 2045 3288 2092 et
3343 2035 3546 2091 omnia
3584 2036 3809 2107 legium
3902 2029 3905 2040 ²

2229 2127 2348 2196 ejus
2375 2167 2390 2193 ,
2419 2132 2488 2196 Χ
2523 2135 2801 2182 et·omnes
2833 2127 2982 2199 leges
3027 2126 3149 2197 ejus
3196 2124 3221 2194 ζ
3256 2140 3619 2198 cognoscere
3665 2128 3811 2184 facies

2228 2233 2344 2285 eoS,
2368 2227 2423 2274 et
2442 2218 2719 2275 describes
2737 2233 2921 2275 coram
2949 2220 3052 2283 eis,
3077 2217 3463 2274 etcustodient
3514 2222 3717 2276 omnia
3738 2219 3809 2291 j·-

2230 2308 2589 2364 stiileationes
2609 2324 2780 2373 meas,
2804 2317 2859 2364 ει
2881 2309 3063 2365 omnia
3079 2318 3346 2381 praccepta
3364 2325 3517 2376 mea,
3540 2321 3611 2367 ει
3634 2312 3809 2368 faciest

2229 2411 2294 2452 ea
2327 2415 2342 2451 ;
2370 2397 2457 2452 ¹2.
2490 2408 2543 2453 et
2571 2398 2994 2468 descriptionem
3025 2397 3222 2456 domus
3236 2414 3404 2470 super
3420 2403 3654 2460 vertice
3676 2419 3805 2460 mus·

2233 2487 2320 2549 tis.
2358 2503 2549 2545 omnes
2598 2490 2813 2546 termini
2850 2491 2968 2559 ejus
3005 2491 3362 2547 circumcirca
3394 2490 3623 2550 Sancta
3658 2495 3806 2550 Sant-

2231 2587 2407 2633 torum
2444 2583 2511 2647 Χ
2538 2588 2667 2636 sunt
2696 2598 2709 2634 :
2747 2582 2863 2636 Itaec
2895 2580 2980 2636 lex
3016 2581 3212 2637 domus
3236 2580 3286 2650 ζ.
3313 2581 3403 2636 15.
3430 2582 3503 2638 Et
3528 2585 3661 2640 ltaec
3680 2599 3800 2639 tucn·

2230 2685 2372 2725 sura:
2402 2672 2590 2727 altaris
2618 2672 2672 2725 in
2705 2672 2890 2728 cubito
2918 2673 3087 2728 cubiti
3115 2676 3183 2744 Χ
3214 2683 3270 2730 et
3297 2674 3473 2732 cubiti
3510 2677 3581 2747 ζ,
3630 2686 3686 2733 ct
3710 2677 3801 2746 pal—

2233 2761 2305 2815 mi
2336 2761 2411 2831 (p)
2459 2763 2610 2817 sinim
2638 2762 2983 2833 profunditas
3016 2779 3180 2835 super
3202 2765 3477 2831 cubitum,
3517 2777 3581 2823 et
3602 2768 3797 2825 ent-im

2232 2851 2483 2916 latitudo,
2509 2863 2562 2905 et
2587 2853 2739 2921 gisus
2759 2868 2922 2922 super
2939 2854 3083 2910 labio
3103 2854 3224 2925 eius
3248 2855 3633 2914 circumcirca
3664 2859 3793 2930 pal-i

2232 2945 2301 3010 30(
2332 2941 2493 2998 unius
2530 2945 2579 3014 ζ.
2614 2942 2680 2998 Ει
2717 2943 2833 3000 haec
2859 2944 3091 3001 altitudo
3121 2945 3313 3002 altaris
3341 2947 3433 3003 14.
3474 2962 3513 3002 a
3544 2947 3794 3019 protunda

2230 3035 2441 3089 exordii
2475 3034 2864 3104 profunditatis
2909 3036 3032 3104 eius
3060 3036 3129 3093 ad
3167 3036 3633 3108 propitiatorium
3677 3055 3791 3110 μσς·

2231 3141 2361 3181 num
2386 3164 2402 3189 ,
2432 3127 2539 3181 Itoc
2581 3126 2789 3192 subter,
2829 3127 3137 3184 cubitorum
3168 3128 3405 3184 duorum
3430 3169 3451 3190 ,
3476 3138 3541 3186 et
3596 3133 3792 3188 latitatis

2230 3218 2403 3274 cubiti
2450 3237 2464 3272 ε
2505 3228 2559 3273 ει
2591 3234 2623 3273 a
2654 3219 3039 3290 propitiatorIo
3067 3233 3238 3291 parvo
3270 3235 3440 3291 super
3488 3223 3788 3294 propinate

2225 3310 2373 3366 rium
2404 3325 2686 3382 magnum,
2719 3310 2895 3368 cubiti
2916 3319 3184 3382 quatuor,
3220 3321 3275 3367 et
3295 3312 3540 3369 latitudo
3572 3315 3785 3372 cubita

2226 3402 2318 3459 ⁴5.
2345 3402 2415 3458 Et
2442 3401 2589 3459 Arici
2613 3402 2922 3458 cubitorum
2950 3413 3210 3473 quatuor,
3231 3414 3286 3459 et
3306 3403 3378 3459 ab
3392 3403 3549 3461 ArieI
3574 3415 3640 3464 et
3660 3419 3793 3478 supet

2229 3508 2438 3550 cornua
2493 3494 2733 3549 cubitus.
2787 3492 2877 3549 16.
2938 3493 3003 3548 Et
3036 3495 3213 3566 ipsum
3274 3494 3423 3551 Ariel
3444 3537 3462 3564 ,
3497 3498 3791 3554 cubitoru-

2230 3586 2519 3641 duodecim
2564 3584 2876 3656 longitudo,
2909 3599 3075 3655 super
3099 3585 3316 3642 cubitos
3352 3585 3653 3644 duodecim
3682 3590 3787 3644 lati-

2229 3676 2380 3741 tudo,
2409 3674 2850 3746 quadrangulum
2872 3691 3040 3746 super
3069 3685 3310 3747 quatuor
3334 3689 3521 3748 partes
3540 3681 3682 3750 ejus.
3719 3679 3789 3734 Π.

2230 3767 2295 3823 Et
2323 3768 2783 3839 propitiatorium,
2813 3770 3130 3825 cubitorum
3175 3773 3591 3840 quatuordecim
3622 3771 3785 3840 longi·

2230 3862 2361 3917 tudo
2384 3901 2402 3928 ,
2437 3876 2600 3930 super
2638 3861 2855 3916 cubitos
2895 3862 3311 3932 quatuordecim
3356 3862 3600 3925 latitudo,
3646 3877 3777 3930 qna-

2226 3951 2553 4022 drangulnm
2588 3965 2752 4021 super
2777 3960 3018 4021 quatuor
3049 3959 3237 4022 partes
3265 3951 3392 4022 ejus
3425 3971 3442 4008 ε
3468 3959 3537 4022 tq)
3556 3962 3611 4006 et
3632 3952 3783 4021 gisus

2227 4043 2348 4110 ejus
2376 4042 2736 4098 circumcirca
2761 4057 2963 4113 gyrans
2990 4041 3129 4096 illud
3158 4041 3451 4098 dimidium
3482 4041 3653 4100 cubiti
3684 4061 3701 4098 ι
3725 4043 3789 4113 (r)

2228 4142 2283 4190 et
2299 4134 2563 4190 circuitus
2584 4133 2706 4204 ejus
2721 4134 2944 4190 cubitus
2969 4133 3355 4199 circumcirca,
3382 4145 3439 4190 et
3455 4137 3665 4206 gradus
3688 4135 3783 4204 eju

2230 4228 2583 4297 respicientes
2609 4241 2799 4281 versus
2828 4226 3121 4282 orientem.
3172 4226 3255 4281 18.
3288 4211 3358 4281 Et
3392 4226 3536 4282 dixit
3562 4227 3637 4282 ad
3671 4242 3779 4284 me:

2227 4317 2327 4372 Fili
2365 4316 2787 4384 ltominis,‘baec
2815 4316 2946 4372 dicit
2992 4316 3258 4372 Dominus
3308 4315 3579 4374 Dominus
3620 4337 3637 4375 ι
3690 4317 3789 4373 ttae

559 4410 642 4464 ria
684 4419 852 4479 portae
897 4406 1238 4476 respicientis
1268 4408 1320 4460 in
1360 4406 1650 4462 orientem.
1702 4407 1757 4463 5.
1798 4409 1864 4463 Et
1903 4410 2124 4464 sustulit
2150 4416 2201 4477 υ
2225 4417 2493 4479 pra-,cepta
2511 4408 2764 4464 altarisin
2787 4407 2875 4463 die
2897 4406 3197 4465 effectionis
3219 4408 3359 4479 ejus.
3384 4409 3451 4463 ad
3463 4409 3791 4467 offerendum

557 4513 645 4553 nte
698 4496 948 4566 spiritus,
983 4502 1039 4549 ct
1072 4493 1372 4549 introduxit
1391 4509 1488 4549 mc
1518 4494 1572 4549 in
1601 4494 1802 4549 atrium
1845 4496 2073 4551 interius
2110 4514 2123 4551 :

556 4600 611 4643 et
637 4601 765 4641 ecce
802 4588 960 4654 plena
1006 4585 1190 4655 gloriae
1217 4582 1433 4640 Domini
1481 4585 1784 4641 demussss.
1817 4600 1878 4641 -t-
1907 4585 1972 4642 Et
2002 4587 2127 4643 steti

563 4677 612 4750 1,
640 4685 696 4731 et
724 4689 854 4731 ecce
881 4690 985 4729 vox
1021 4675 1296 4745 loquentis
1325 4674 1392 4729 ad
1426 4690 1514 4730 ine
1545 4689 1578 4731 e
1600 4676 1785 4741 domo,
1815 4688 1869 4731 et
1899 4677 1985 4731 vir
2016 4687 2128 4733 sta·

557 4773 649 4826 bat
677 4783 846 4839 prope
868 4767 935 4823 ad
968 4782 1076 4831 me,
1108 4767 1159 4820 7.
1189 4774 1245 4823 ει
1271 4766 1411 4822 dixit
1446 4766 1511 4821 ad
1542 4781 1629 4822 me
1664 4786 1678 4821 :
1712 4765 1813 4821 Fili
1843 4767 2081 4822 hominis
2111 4804 2128 4830 ,

2229 4514 2394 4568 super
2425 4514 2491 4553 eo
2515 4498 2586 4570 (ε)
2612 4499 2951 4563 holocausta,
2977 4506 3033 4554 et
3063 4498 3131 4553 ad
3154 4499 3545 4555 effundendum
3572 4504 3645 4557 ad
3680 4501 3795 4558 illud

2229 4588 2572 4658 sanguinem.
2625 4587 2714 4643 19.
2745 4587 2811 4643 Et
2841 4587 2998 4644 dabis
3031 4588 3410 4645 sacerdotibus
3442 4587 3685 4656 Levitis,
3716 4589 3794 4663 qui

2230 4693 2297 4734 ex
2331 4680 2539 4734 semine
2565 4676 2803 4745 Sadduc,
2839 4679 3405 4752 appropinquantibus
3424 4680 3494 4736 ad
3530 4697 3645 4750 me,
3678 4683 3801 4740 dicit

2232 4768 2498 4826 Dominus
2529 4768 2817 4839 Dominus,
2860 4779 2916 4826 et
2948 4770 3260 4828 ministrent
3297 4771 3431 4828 mibi
3472 4772 3719 4830 vitulum
3741 4789 3799 4829 ex

556 4863 739 4919 vidisti
776 4862 957 4917 locum
1001 4860 1182 4916 throni
1221 4860 1348 4924 mei.
1372 4869 1427 4914 et
1462 4860 1643 4916 locum
1677 4860 1890 4928 vestigii
1924 4857 2124 4927 pedum
2231 4862 2408 4918 bobus
2436 4878 2532 4933 pro
2552 4874 2774 4934 peccato
2805 4863 2934 4919 120.
2956 4872 3013 4920 et
3032 4875 3249 4922 sument
3267 4880 3333 4921 ex
3359 4866 3631 4940 sanguine
3664 4870 3799 4942 ejus.

555 4953 842 5010 meorqu
881 4954 935 5008 in
965 4952 1165 5024 quibus
1197 4950 1463 5007 habitabit
1483 4965 1681 5007 nomen
1712 4964 1894 5007 meum
1918 4949 1971 5003 in
2004 4963 2120 5005 tne-
2228 4962 2281 5010 et
2311 4963 2514 5026 ponent
2539 4970 2702 5028 super
2740 4965 2975 5028 quatuor
3003 4957 3070 5030 (ι)
3097 4971 3302 5013 cornua
3324 4957 3535 5026 altaris,
3562 4967 3619 5015 et
3638 4972 3797 5032 super

627 5113 692 5188 (ἢ
723 5111 807 5179 8.,
835 5112 1036 5168 ostium
1095 5110 1151 5164 in
1199 5107 1470 5180 prinicipio
1493 5108 1618 5189 vig.
1666 5121 1788 5188 qua}
1847 5104 1934 5159 ria
1975 5115 2097 5162 erat
2143 5117 2271 5164 ante
2326 5117 2538 5181 septum
2590 5109 2786 5166 domus
2841 5111 3360 5184 transmigrationis,
3406 5127 3603 5170 versus
3654 5117 3795 5173 viam

556 5185 875 5240 orientalem
932 5179 1277 5251 ingredienti.
1388 5180 1460 5249 (k)
1495 5178 1579 5241 8.,
1613 5188 1673 5258 ειο
1718 5177 1790 5230 ibt
1840 5174 2112 5245 deponent
2162 5180 2482 5237 vestimenta
2532 5195 2654 5236 sua.
2756 5179 2932 5250 (l)S.,
2971 5196 3142 5252 quum
3199 5183 3513 5254 ingrederer
3556 5183 3630 5240 ad
3676 5202 3799 5243 cor·

554 5255 918 5323 'mmm
965 5260 1200 5375 ⁹⁰3⁰·
1227 5244 2051 5376 .f⁶;‚·...;¹.¹:,‡:::„:.¹·⁸.‘:3s‘52‡‘·
2117 5249 2652 5378 ..metente
2690 5249 3057 5377 3s⁶„²=t.⁶..·;⁵¹‘⁰⁸
3083 5266 3797 5383 „2⁸222...3·;r⁸·.·¹¹...¹:5³·

557 5321 1572 5464 {isstssrssnsstbmuffffet'berrecnonem‚
1640 5401 1722 5440 use
1748 5387 1890 5442 simu
1917 5428 1932 5454 ,
1960 5358 2104 5459 ejds.
2161 5388 2203 5443 T
2243 5429 2282 5456 .,
2332 5397 2385 5446 ει
2421 5389 2717 5444 metiantur
2764 5404 2891 5446 cum
2947 5337 3243 5462 exeffnplari
3286 5406 3410 5458 suo.
3468 5343 3799 5453 esembe‘s‘:

556 5468 686 5518 cant
712 5462 779 5516 de
801 5463 1079 5526 omnibus,
1116 5474 1240 5531 quae
1268 5458 1533 5521 iecerunt,
1558 5470 1588 5510 a
1643 5471 1800 5512 urore
1849 5457 2071 5529 (anceps
2126 5461 2324 5522 ltaereo,
2361 5473 2540 5513 annon
2578 5466 2761 5520 &nrm
2798 5461 3169 5516 determinatio
3204 5474 3303 5532 pro
3324 5469 3505 5524 unm
3530 5461 3689 5533 furor
3720 5465 3795 5523 Ie-

559 5531 792 5612 gendum
807 5532 913 5612 sit)
933 5533 1151 5596 domus,
1180 5536 1234 5582 et
1262 5526 1716 5609 alpi-‘reparatione
1739 5527 1894 5610 ejus..
1954 5530 2028 5600 (ο)
2063 5529 2150 5611 8.,
2179 5538 2233 5584 ει
2262 5527 2662 5608 descriptiones
2695 5527 2838 5612 ejus,
2868 5539 2924 5588 et
2936 5546 3129 5587 omnes
3157 5531 3422 5588 terminos
3434 5545 3560 5589 cum
3583 5533 3796 5592 deseri-

559 5600 833 5673 pitonibus
858 5616 999 5671 ejus.
1071 5599 1147 5680 (p)
1181 5599 1267 5680 S..
1301 5613 1356 5653 tn
1381 5594 1900 5680 tticlustonc2cubttt
1930 5611 1984 5655 et
2028 5599 2198 5655 cubiti
2251 5597 2504 5679 latitudo,
2534 5605 2587 5652 et
2644 5605 2912 5656 terminus
2943 5600 3013 5656 ad
3038 5599 3245 5657 labium
3277 5599 3421 5670 ejus.
3498 5599 3574 5675 (q)
3618 5602 3711 5674 S..
3741 5614 3795 5664 ct

559 5671 826 5731 terminus
851 5669 908 5727 iu
935 5669 1167 5726 circuitu
1189 5682 1331 5740 ejus.
1409 5667 1480 5740 (r)
1510 5667 1594 5737 8.,
1624 5677 1678 5726 ει
1708 5669 1941 5728 inclusio
1970 5669 2089 5740 ejus
2117 5667 2441 5725 cubitulma.
2522 5671 2590 5741 (ε)
2617 5666 2701 5738 8.,
2722 5670 3080 5728 oblationem.
3152 5670 3217 5744 (t)
3234 5665 3432 5728 Partes

3272 5776 3319 5804 ,ο
