3967 6217
151 299 177 352 Β
1390 298 1796 357 tietwinus
1820 298 2054 358 CAPUT
2075 301 2167 360 iv:

3223 309 3384 371 mr

151 412 411 472 adoris
454 413 832 470 circumcirca.
870 408 997 467 llaec
1027 410 1165 469 visio
1214 412 1595 471 similitudinis
1631 422 1687 471 ει
1714 415 1762 475 Δ
1789 425 1969 485 tuum,
2003 426 2060 475 et
2088 419 2319 477 auribus
2346 420 2456 478 tuis
2479 421 2647 479 audi:
2679 425 2768 481 11.
2806 426 3042 495 εινειῑε,
3074 427 3364 500 ingredere

151 506 262 564 ἰω
290 507 533 564 Domini
557 525 571 562 :
598 516 655 562 et
675 504 807 571 vidi,
829 515 886 564 et
906 506 1045 564 cado
1066 520 1234 579 super
1254 504 1455 564 faciem
1482 522 1683 574 meam,

151 597 361 654 adivi
394 612 591 653 vocem
624 597 919 667 loquentis.

151 707 295 763 ορ.
337 690 424 759 ΙΙ,
462 693 514 746 1.
545 689 614 745 Et
655 690 796 746 dixit
846 690 916 746 ad
958 704 1088 747 me:
1133 688 1236 747 Fili
1287 691 1549 759 hominis,
1599 702 1683 749 sta

151 796 238 836 ex·
288 780 470 854 pedes
518 788 662 846 tuos,
694 779 770 852 (o)
817 789 873 837 et
900 780 1100 852 loquar
1123 782 1193 838 ad
1240 790 1312 839 te.
1345 783 1401 839 2.
1440 783 1508 841 Et
1541 785 1688 841 venit

151 889 247 928 :²1-
301 887 399 929 me
421 872 672 944 spiritus,
700 881 757 929 et
785 875 1052 932 assumsit
1077 889 1185 942 me,
1218 884 1276 932 et
1299 876 1533 933 elevavit
1574 893 1682 942 me,

151 966 376 1022 tatuit
414 979 504 1021 me
532 980 699 1036 super
729 966 897 1037 pedes
929 981 1106 1031 meos,
1136 977 1191 1024 ει
1221 969 1512 1025 audiebam
1557 986 1682 1026 eum

151 1068 413 1113 tentem
446 1057 515 1113 ad
546 1072 651 1115 me.
683 1056 741 1113 3.
777 1059 843 1113 Et
867 1057 1009 1114 dixit
1030 1059 1097 1115 ad
1127 1074 1254 1117 me:
1288 1059 1389 1116 ι’ἰίἰ
1422 1063 1679 1129 bominis,

160 1163 219 1204 o
262 1159 332 1205 te
356 1164 468 1221 ego
499 1148 568 1205 ad
597 1149 824 1206 domum
848 1149 1086 1216 israelis,
1135 1154 1526 1211 exacerbantes
1573 1169 1681 1221 me,

168 1240 633 1297 exacerbarunt
662 1255 773 1308 me,
807 1241 911 1312 ipsi
946 1252 1002 1299 et
1030 1252 1209 1314 patres
1236 1259 1429 1301 eorum
1458 1249 1528 1317 Jt(
1554 1263 1684 1318 per—

189 1341 470 1404 egerunt
490 1332 545 1388 iu
580 1347 669 1389 me
722 1334 746 1403 ξ
787 1349 965 1407 usque
1007 1335 1074 1391 ad
1136 1336 1281 1393 diem
1332 1338 1680 1399 hodiernum.

151 1428 231 1492 a(
294 1422 369 1479 Et
419 1423 517 1480 tilii
563 1425 690 1482 duri
739 1423 902 1492 facie,
946 1437 1003 1483 et
1051 1428 1174 1484 duri
1225 1431 1429 1488 corde:
1462 1448 1567 1503 ego
1602 1435 1680 1507 (p)

149 1524 232 1568 ιο
274 1523 337 1570 te
372 1514 443 1570 ad
492 1529 589 1571 eos
619 1515 667 1585 ζ.
710 1514 778 1571 Ει
804 1516 956 1573 dices
985 1518 1054 1573 ad
1085 1533 1217 1575 eos:
1257 1519 1381 1577 ilaec
1411 1521 1548 1580 dicit
1573 1521 1682 1581 Do·

149 1623 303 1665 tus.
346 1607 406 1664 5.
436 1607 513 1679 (q)
548 1606 607 1663 Si
638 1607 779 1665 forte
814 1608 1063 1678 audiant,
1109 1620 1205 1668 aut
1252 1623 1505 1685 paveant,
1553 1616 1681 1689 quia

149 1715 292 1757 nus
328 1700 563 1758 irritans
592 1711 696 1767 est,
723 1709 778 1757 et
804 1702 1000 1768 scient,
1030 1704 1177 1773 quod
1223 1706 1487 1778 propbeta
1529 1723 1589 1766 es
1621 1720 1678 1765 tu

149 1791 375 1848 untedio
405 1808 621 1850 eorum.
650 1793 705 1849 6.
732 1793 797 1849 Et
832 1804 910 1862 tu,
956 1795 1030 1851 illi
1078 1795 1339 1867 bominis,
1372 1814 1441 1855 ne
1484 1801 1680 1859 timeas

149 1903 195 1951 t.
233 1894 297 1940 et
329 1901 359 1940 a
394 1884 535 1942 facie
558 1899 749 1943 eorum
782 1903 850 1944 ne
879 1889 1238 1961 obstupescas
1266 1909 1283 1960 ς
1325 1890 1396 1964 (r)
1428 1893 1558 1965 quia
1591 1909 1686 1951 ve-

149 1989 248 2034 eut
302 1978 363 2033 in
404 1978 611 2049 impetu
644 1994 769 2036 cum
811 1981 1062 2048 insania,
1095 1995 1150 2040 et
1196 1985 1481 2057 insurgent
1522 2002 1688 2058 super

149 2069 570 2134 circumcirca,
607 2072 740 2126 etin
764 2071 948 2128 medio
975 2074 1330 2145 scorpionum
1352 2085 1406 2132 tu
1434 2077 1684 2137 habitas:

150 2159 262 2214 rba
300 2173 499 2214 eorum
535 2174 603 2215 ue
636 2158 865 2226 timeas,
898 2168 952 2216 et
986 2176 1017 2215 a
1069 2161 1208 2217 l'acie
1241 2177 1432 2219 eorum
1479 2180 1548 2222 ne
1587 2166 1687 2221 ob-

149 2266 436 2323 ipescas;
463 2250 595 2321 quia
617 2251 816 2308 domus
845 2252 1070 2308 irritans
1114 2263 1217 2310 est.
1250 2254 1301 2309 7.
1335 2255 1401 2312 Et
1448 2257 1688 2329 loqueris

149 2343 267 2397 rba
304 2355 431 2397 mea
458 2340 526 2396 ad
555 2356 673 2406 eos,
705 2340 751 2397 si
775 2339 918 2398 sorte
955 2343 1204 2408 audiant,
1252 2353 1349 2401 aut
1378 2347 1686 2417 trepident;

150 2436 221 2490 ia
253 2432 460 2489 domus
491 2433 714 2490 irritans
735 2443 840 2491 est.
865 2435 920 2490 8.
958 2434 1029 2490 Et
1054 2446 1135 2502 ιυ,
1161 2436 1234 2492 iili
1267 2437 1531 2505 bominis,
1556 2440 1687 2497 audi

149 2530 421 2596 [nentem
451 2523 519 2577 ad
552 2530 640 2578 te:
673 2538 742 2579 ne
776 2523 856 2580 sis
879 2524 1123 2591 irritans,
1162 2525 1307 2583 sicut
1332 2527 1531 2586 domus
1562 2529 1691 2585 irri-

149 2630 211 2671 ιε
240 2633 259 2670 :
294 2615 449 2686 aperi
489 2628 556 2671 os
589 2623 768 2680 tuum,
796 2624 853 2672 et
878 2618 1107 2674 comede
1149 2620 1293 2690 quod
1332 2635 1433 2692 ego
1459 2621 1532 2677 do
1564 2621 1685 2679 tibi.

172 2707 259 2764 Et
286 2707 425 2774 vidi,
449 2716 503 2762 et
524 2721 653 2763 ecce
680 2721 878 2765 manus
899 2715 1128 2767 extensa
1148 2711 1216 2766 ad
1235 2726 1343 2776 me,
1368 2713 1496 2768 etin
1522 2727 1585 2770 ea
1615 2713 1685 2788 (s)

149 2799 409 2872 pitulum
447 2799 594 2856 libri.
625 2799 716 2856 10.
758 2798 827 2856 Et
851 2802 1115 2872 expandit
1170 2803 1302 2860 illud
1337 2819 1523 2861 coram
1558 2822 1685 2863 me:

168 2892 240 2948 in
272 2905 340 2948 eo
362 2893 572 2962 scripta
595 2900 752 2948 erant
778 2907 809 2948 a
833 2891 1015 2950 fronte
1032 2893 1155 2966 ejus
1179 2905 1235 2951 et
1270 2911 1301 2950 a
1332 2904 1488 2969 tergo
1522 2899 1643 2971 elus
1668 2919 1685 2958 :

168 2984 455 3055 scriptum
490 2992 610 3041 erat
642 2985 697 3040 in
727 2998 795 3040 eo
818 2984 1158 3053 lamentatio,
1186 2995 1241 3043 et
1282 2987 1350 3064 (t)
1382 2991 1685 3059 canticum,

176 3089 292 3130 we.

160 3167 312 3237 Cap.
336 3165 433 3229 iii,
467 3167 516 3221 i.
538 3165 599 3223 Et
624 3167 762 3223 dixit
781 3169 848 3224 ad
868 3183 994 3225 me:
1018 3170 1122 3226 Fili
1144 3170 1407 3241 bominis,
1433 3177 1501 3244 jc(
1523 3176 1694 3246 quod·

147 3272 348 3331 imque
374 3258 674 3326 inveneris,
698 3260 801 3316 ede
828 3260 877 3330 ζ,
904 3261 1132 3317 comede
1166 3262 1464 3333 capitulum
1489 3266 1613 3332 hoc,
1643 3278 1695 3323 et

147 3352 272 3416 ule,
308 3359 363 3408 et
402 3353 630 3423 loquere
661 3353 729 3408 ad
769 3353 908 3409 illios
954 3354 1191 3410 israelis,
1230 3354 1289 3407 2.
1329 3353 1392 3409 Et
1422 3357 1600 3427 aperit
1632 3372 1696 3415 os

147 3457 320 3506 tcum,
357 3451 415 3497 ει
436 3443 602 3497 edere
629 3440 758 3499 iecit
788 3459 874 3499 me
896 3445 1196 3515 capitulum
1229 3447 1353 3504 boc.
1374 3447 1429 3503 5.
1461 3447 1528 3505 Et
1558 3449 1697 3506 dixit

148 3533 173 3587 l
219 3548 343 3587 me:
374 3532 478 3587 Fili
510 3533 773 3597 bominis,
805 3550 868 3592 os
897 3544 1051 3593 tuum
1084 3539 1229 3604 edet,
1253 3551 1308 3596 et
1339 3551 1530 3599 venter
1560 3552 1690 3601 tuus

148 3625 436 3695 nplebitur
461 3625 704 3696 capitulo
731 3625 835 3683 ltoc
869 3628 996 3684 dato
1038 3631 1093 3686 in
1128 3641 1199 3688 te.
1231 3633 1297 3689 Et
1320 3634 1409 3690 edi
1452 3635 1607 3702 illud,
1638 3644 1695 3693 et

148 3725 324 3772 ictum
354 3718 514 3773 estin
556 3733 654 3775 ore
682 3734 822 3786 meo,
857 3721 1002 3778 sicut
1026 3723 1131 3779 mel
1161 3724 1342 3782 dulce.
1381 3725 1437 3782 «t.
1464 3727 1530 3783 Et
1556 3729 1695 3784 dixit

147 3809 185 3864 d
238 3824 361 3863 me:
395 3807 495 3865 Fili
536 3810 800 3876 hominis,
833 3813 990 3879 vade,
1026 3814 1311 3887 ingredere
1350 3820 1418 3874 ad
1465 3817 1691 3876 domum

147 3901 357 3970 sraelis,
389 3911 443 3957 et
473 3902 698 3976 loquere
721 3904 889 3960 verba
918 3921 1036 3961 ntea
1072 3907 1139 3963 ad
1176 3922 1293 3965 eos.
1326 3909 1381 3965 5.
1421 3909 1691 3978 Quoniam

150 4011 229 4050 on
253 3994 317 4050 ad
343 3996 601 4067 populum
635 3996 969 4068 profundum
998 4000 1147 4056 labio
1170 4011 1224 4058 et
1258 4019 1479 4074 gravem
1502 4005 1690 4077 lingua

148 4103 173 4142 a
202 4085 429 4144 mitteris
450 4087 520 4143 ati
549 4087 774 4143 domum
799 4087 1057 4147 israelis:
1086 4091 1142 4147 6.
1170 4107 1349 4164 neque
1371 4095 1437 4149 ad
1462 4096 1696 4167 populos

147 4178 326 4232 nultos
354 4177 561 4234 alienos
596 4178 850 4246 vocibus,
891 4188 987 4234 aut
1012 4179 1225 4237 alienos
1261 4181 1472 4253 lingua,
1518 4201 1697 4257 neque

148 4269 220 4340 tui
247 4277 370 4325 sunt
404 4269 674 4326 oblirmati
707 4269 916 4340 lingua,
951 4285 1191 4342 quorum
1223 4287 1292 4330 ne
1338 4273 1534 4331 audias
1573 4291 1696 4334 ser-

147 4379 315 4421 uoncs
340 4376 565 4419 eorum:
598 4373 653 4419 et
683 4363 729 4419 si
756 4363 823 4419 ad
867 4362 1005 4419 tales
1048 4365 1318 4423 mitterem
1351 4374 1426 4435 te,
1467 4367 1522 4424 bi
1566 4369 1696 4425 obe-

1788 510 1846 566 in
1880 512 2251 583 captivitatem
2285 514 2353 569 ad
2402 513 2545 571 tilios
2577 514 2761 586 populi
2795 516 2894 584 tui,
2934 525 2989 573 et
3021 517 3264 587 loqueris
3295 518 3362 574 ad

1785 614 1905 667 eos,
1932 610 1995 658 et·
2010 601 2164 659 dices
2190 603 2258 660 ad
2284 617 2382 660 eos
2405 621 2421 659 :
2447 603 2574 660 ilaee
2602 603 2736 660 dicit
2765 604 3026 660 Dominus
3059 606 3362 661 Dominus:

1786 694 1834 749 si
1861 693 2006 751 forte
2028 696 2280 762 audiant,
2319 696 2368 753 si
2397 696 2539 753 ibt-te
2575 698 2898 754 concedant.
2929 698 3019 753 ¹2.
3047 696 3365 755 lit-assum—

1785 783 1858 839 sit
1883 783 1981 841 mc'
2000 786 2250 856 spiritus,
2285 796 2342 843 et
2370 787 2552 843 audivi
2585 803 2616 844 a
2648 796 2801 859 tergo
2828 803 2951 844 meo
2990 803 3178 844 vocent
3213 803 3374 844 cem--

1786 876 2047 933 motionis
2077 893 2309 949 magnae,
2341 879 2644 936 dicentium
2680 898 2693 935 :
2721 880 3012 937 Benedicta
3051 879 3225 951 gloria
3257 880 3364 935 Do-

1784 967 1919 1022 mini
1962 967 2033 1022 de
2077 968 2199 1024 loco
2229 984 2355 1026 suo.
2397 971 2487 1027 ¹5.
2537 970 2605 1026 Et
2640 971 2751 1026 vidi
2792 970 2872 1045 (ε)
2917 985 3106 1028 vocem
3152 971 3363 1026 alarum

1784 1061 2109 1116 animalium
2134 1063 2437 1119 volantium
2461 1080 2569 1120 una
2600 1065 2669 1121 ad
2709 1065 2959 1132 alteram,
3009 1073 3064 1120 et
3091 1080 3193 1119 vox
3217 1071 3365 1119 rota-

1783 1168 1907 1208 rum
1932 1167 2117 1210 coram
2150 1154 2253 1221 eis,
2304 1164 2359 1211 et
2389 1171 2489 1212 vox
2516 1158 2903 1214 commotionis
2954 1159 3021 1225 ³(
3057 1171 3271 1227 magnae
3312 1155 3369 1226 ζ.

1787 1244 1875 1299 tt.
1910 1245 1973 1301 Et
2008 1244 2237 1315 spiritus
2258 1245 2491 1301 elevavit
2531 1261 2648 1313 me,
2680 1255 2736 1302 et
2766 1246 2990 1318 sustulit
3020 1262 3127 1313 inc,
3170 1255 3223 1301 et
3255 1244 3363 1300 abii

1784 1336 2039 1392 sublimis
2073 1351 2199 1391 aere
2226 1338 2281 1391 in
2311 1337 2515 1406 impetn
2545 1337 2774 1407 spiritus
2803 1337 2933 1404 mei,
2976 1337 3055 1408 (y)
3082 1345 3136 1393 et
3167 1351 3361 1392 manus

1783 1426 2000 1483 Domini
2034 1426 2176 1483 l'acta
2208 1437 2482 1497 estsuper
2510 1443 2597 1483 me
2618 1437 2833 1498 potens.
2868 1429 2956 1483 15.
2985 1430 3050 1485 Ει
3085 1429 3366 1499 ingressus

1789 1534 1913 1575 sum
1943 1519 2000 1573 in
2034 1519 2406 1589 captivitatem
2437 1518 2691 1574 sublimis
2724 1533 2870 1586 aere,
2897 1528 2952 1575 et
2996 1519 3222 1574 circuivi
3261 1519 3365 1574 ita-

1783 1609 2026 1666 bitantes
2060 1625 2227 1681 super
2256 1611 2481 1666 fluvium
2513 1609 2753 1677 Chobar,
2787 1625 2883 1667 eos
2919 1610 3012 1680 qui
3040 1618 3199 1665 erant
3248 1608 3360 1663 ibi:

1786 1706 1842 1754 et
1875 1698 1993 1754 sedi
2030 1699 2106 1754 ibi
2147 1708 2353 1770 septem
2392 1700 2530 1767 dieS,
2566 1699 2639 1770 (z)
2692 1714 3025 1755 conversans
3069 1698 3125 1754 in
3183 1697 3364 1753 medio

1787 1804 2004 1846 eorum.
2037 1790 2121 1846 16.
2167 1793 2234 1847 Et
2265 1790 2467 1847 sactum
2492 1799 2576 1848 est
2603 1799 2724 1863 post
2759 1792 2861 1847 lios
2896 1798 3104 1861 septem
3144 1787 3265 1844 dies
3298 1790 3368 1856 34(

1787 1889 1845 1936 et
1870 1881 2080 1936 factum
2104 1889 2190 1937 est
2220 1882 2244 1954 ζ
2281 1881 2507 1938 verbum
2549 1881 2764 1938 Domini
2789 1882 2855 1936 ad
2886 1896 2995 1949 me,
3020 1881 3210 1937 dicens
3234 1898 3250 1935 :
3276 1879 3365 1934 17.

1791 1969 1894 2024 Fili
1923 1970 2185 2037 bominis,
2217 1970 2616 2040 speculatorem
2649 1971 2774 2027 dedi
2804 1979 2856 2026 te
2885 1970 3076 2025 domui
3128 1969 3366 2035 israelis,

1788 2069 1844 2116 et
1872 2061 2065 2117 audies
2090 2075 2158 2116 ex
2188 2075 2283 2117 ore
2314 2075 2440 2117 meo
2470 2061 2720 2128 verbum,
2755 2059 2832 2133 (α)
2859 2069 2916 2116 ει
2942 2060 3371 2117 comminaberis

1787 2150 1872 2208 eis
1908 2166 1940 2206 a
1968 2165 2075 2219 me,
2098 2153 2185 2207 ts.
2209 2166 2335 2207 cum
2369 2151 2561 2206 dixero
2594 2150 2826 2222 iniquo:
2865 2148 3038 2207 Morte
3073 2149 3365 2206 morieris:

1790 2255 1847 2301 et
1887 2235 1995 2299 uon
2023 2243 2347 2310 distinxisti,
2388 2258 2564 2313 neque
2593 2242 2812 2301 locutus
2841 2258 2903 2300 es
2931 2243 2998 2299 ad
3029 2242 3373 2314 distinguente

1789 2339 1921 2394 dnm
1956 2337 2177 2408 iniquo,
2213 2344 2273 2391 ut
2320 2345 2624 2392 revertatur
2674 2352 2706 2392 a
2755 2336 2857 2393 viis
2887 2335 3027 2401 suis,
3079 2345 3139 2391 ut
3184 2335 3368 2390 vivata

1789 2428 2018 2499 iniquus
2048 2428 2141 2484 ille
2187 2428 2262 2499 (ὁ)
2286 2427 2341 2483 in
2381 2427 2649 2497 iniustitia
2682 2441 2790 2484 sua
2812 2426 3107 2489 morietur..
3156 2433 3213 2482 et
3245 2440 3372 2481 san-

1791 2519 2015 2591 guinem
2050 2520 2174 2589 ejus
2202 2519 2271 2574 de
2303 2535 2469 2575 manu
2504 2530 2598 2575 tua
2623 2519 2925 2591 requiram.
2971 2517 3058 2575 19.
3103 2517 3171 2571 Ει
3209 2527 3291 2585 ιυ,
3321 2518 3389 2573 si.

1791 2611 2115 2668 distinxeris
2138 2612 2354 2684 iniquo,
2383 2627 2484 2669 nec
2509 2626 2768 2669 reversus
2791 2611 2957 2669 suerit
2983 2612 3053 2668 ab
3081 2611 3380 2682 iniquitate

1789 2719 1914 2771 sua,
1952 2713 2009 2762 et
2039 2720 2071 2760 a
2097 2705 2187 2761 via
2214 2719 2338 2773 sua,
2369 2707 2593 2778 iniquus
2615 2707 2705 2764 ille
2734 2708 2788 2763 in
2829 2705 3098 2779 injustitia
3126 2721 3224 2763 sua
3253 2720 3371 2760 mo-

1789 2797 1985 2865 rietur,
2010 2805 2066 2854 et
2095 2803 2155 2853 tu
2186 2787 2428 2854 animam
2456 2808 2604 2855 tuam
2634 2799 2914 2856 liberabis.
2943 2799 3037 2855 20.
3065 2799 3129 2855 iit
3158 2813 3283 2855 cuin
3311 2813 3373 2853 se

1788 2889 2054 2945 averterit
2081 2889 2267 2961 justus
2306 2906 2337 2947 a
2362 2890 2597 2962 justitiis
2626 2893 2763 2959 suis,
2787 2899 2841 2947 et
2859 2890 3052 2948 fecerit
3083 2891 3371 2957 delictum,

1792 2981 1960 3037 etiam
1985 2981 2129 3038 dabo
2160 2991 2430 3040 tormenta
2454 2984 2509 3039 in
2543 2982 2738 3040 faciem
2768 2983 2918 3054 ejus:
2943 2984 3060 3056 ipse
3086 2984 3369 3047 morietur,

1716 3102 1762 3162 c
1795 3075 1924 3146 quia
1954 3090 2069 3131 non
2101 3076 2405 3133 distinxisti
2437 3076 2489 3133 ei
2516 3095 2529 3132 :
2571 3086 2627 3134 et
2674 3077 2731 3132 iu
2760 3075 3003 3149 peccatis
3029 3075 3147 3133 suis
3173 3074 3373 3131 morie-

1796 3174 1906 3234 tur,
1945 3168 2076 3239 quia
2127 3184 2237 3225 non
2277 3169 2859 3226 commemorabuntur
2889 3170 2937 3226 ei
2963 3168 3193 3241 justitia:
3231 3168 3372 3237 elus,

1795 3273 1936 3330 quas
1970 3258 2122 3327 fecit,
2162 3269 2219 3316 et
2249 3261 2576 3331 sanguinem
2607 3261 2731 3329 eius
2779 3259 2848 3316 de
2882 3276 3044 3316 utanu
3072 3268 3164 3316 tua
3184 3260 3375 3329 requi-

1796 3363 1940 3405 ram.
1964 3349 2060 3407 st.
2097 3349 2172 3421 (c)
2203 3348 2285 3407 Tu
2314 3360 2497 3408 autem
2532 3351 2580 3406 si
2623 3351 2946 3408 distinxeris
2974 3352 3156 3421 iusto„
3199 3361 3260 3406 ut
3308 3364 3377 3404 ne

1796 3451 2007 3513 peccet,
2037 3451 2092 3498 et
2143 3443 2260 3515 ipse
2289 3458 2397 3500 nou
2442 3445 2771 3515 peccaverit,
2821 3443 3003 3515 justus
3053 3444 3176 3498 rita·
3208 3443 3392 3506 vivet„

1795 3537 1925 3607 quia
1959 3535 2258 3592 distinxisti
2301 3538 2376 3604 ei,
2423 3545 2480 3593 et
2523 3546 2577 3591 tu
2607 3537 2848 3592 animam
2895 3546 3045 3592 tuam
3095 3533 3375 3590 liberabis.

1792 3629 1887 3684 22.
1920 3629 1989 3683 Et
2014 3627 2159 3684 sacta
2189 3636 2276 3685 est
2307 3644 2472 3700 super
2516 3644 2602 3685 me
2633 3632 2703 3700 31(
2729 3629 2802 3685 ibi
2832 3628 2855 3698 ζ
2906 3641 3106 3683 manns
3136 3623 3392 3690 Domini‚-

1794 3731 1849 3779 et
1871 3721 2011 3778 dixit
2038 3721 2108 3777 ad
2149 3737 2276 3782 me:
2313 3721 2510 3795 Surge,
2547 3732 2602 3778 et
2639 3723 2904 3795 egredere
2931 3722 2985 3777 iu
3015 3735 3290 3791 campum,
3322 3725 3382 3772 et

1795 3815 1868 3870 ibi
1908 3815 2174 3871 allocutio
2203 3814 2294 3873 liet
2321 3815 2389 3871 ad
2424 3824 2495 3870 te.
2530 3814 2621 3870 23.
2663 3813 2731 3869 Et
2758 3814 2997 3879 surrexi,
3038 3813 3096 3868 et
3122 3824 3378 3884 egressus

1795 3924 1916 3965 suin
1948 3909 2007 3964 in
2036 3924 2291 3980 campum
2319 3918 2413 3965 :et
2440 3924 2567 3965 ecee
2596 3907 2668 3963 ibi
2701 3907 2871 3979 gioria
2912 3904 3129 3960 Domini
3175 3903 3376 3966 stabat,

1795 4001 1941 4057 sieut
1971 4015 2038 4057 ψ
2079 4002 2392 4071 adspectus,
2443 4010 2499 4054 et
2541 3998 2690 4055 sicut
2742 3998 2766 4066 ζ
2819 3997 3014 4068 gioria,
3047 4009 3214 4066 quam
3268 3993 3376 4047 ridi

1797 4105 1964 4158 super
1982 4090 2208 4145 fluvium
2243 4089 2484 4145 Chobar.
2505 4086 2572 4145 Et
2601 4088 2738 4144 cado
2760 4102 2923 4158 super
2944 4086 3141 4142 faciem
3176 4099 3376 4149 meam,

1796 4182 1889 4235 st.
1922 4190 1978 4236 et
2004 4181 2154 4236 venit
2181 4196 2347 4252 super
2385 4195 2474 4237 me
2501 4179 2750 4252 spiritus,
2780 4188 2836 4236 et
2860 4179 3053 4236 statuit
3087 4193 3176 4234 me
3215 4192 3380 4249 super

1800 4270 1967 4343 pedes
1997 4285 2174 4338 meos,
2206 4281 2260 4327 et
2299 4273 2518 4328 locutus
2547 4279 2633 4326 est
2679 4271 2746 4327 ad
2780 4285 2890 4335 me,
2924 4279 2982 4326 et
3017 4268 3157 4325 dixit
3198 4268 3331 4325 milti
3361 4287 3376 4323 :

1806 4361 2121 4433 ingredere,
2143 4372 2197 4419 et
2217 4362 2501 4419 includere
2529 4363 2584 4419 iu
2616 4363 2796 4419 medio
2827 4363 3027 4418 domus
3048 4361 3283 4418 tuae.25.
3312 4359 3381 4416 Et

147 4457 306 4511 lireut
346 4453 463 4510 tibi.
505 4453 561 4511 Ί.
612 4454 821 4514 Domus
871 4469 1054 4514 autem
1096 4455 1314 4516 israelis
1342 4469 1473 4515 ‘non
1513 4461 1696 4517 volent
1727 4438 1771 4495 Ῑ)
1804 4464 1884 4521 tu,
1917 4453 1993 4508 fiii
2043 4454 2305 4522 humittiS,
2342 4469 2471 4511 ecce
2499 4454 2625 4510 data
2668 4465 2798 4511 suut
2836 4469 3005 4527 super
3039 4461 3092 4511 te
3135 4452 3380 4520 vincula,

147 4549 382 4606 exaudire
420 4556 494 4615 ιε,
528 4551 655 4621 quia
698 4565 807 4607 non
846 4554 1040 4608 volunt
1082 4552 1344 4608 exaudire
1390 4569 1513 4622 nte:
1567 4553 1698 4625 quia

148 4641 313 4699 >mnis
335 4641 526 4700 domus
569 4642 788 4701 israelis
841 4643 1064 4717 litigiosi
1093 4655 1243 4711 suut,
1271 4655 1328 4702 et
1357 4646 1481 4704 duri
1509 4647 1696 4704 corde.

147 4736 192 4791 3.
222 4733 282 4790 Bt
314 4750 436 4793 ecce
463 4735 589 4792 dedi
614 4734 809 4792 faciem
838 4745 984 4793 tuam
1008 4747 1284 4808 potentem
1318 4749 1507 4796 contra
1532 4737 1701 4797 iacies

147 4837 337 4892 torum,
365 4831 418 4881 et
437 4825 842 4883 contentionem
871 4834 1021 4882 tuam
1044 4828 1417 4884 corroborabo
1438 4830 1702 4887 adversus

147 4917 528 4974 contentionem
575 4932 791 4986 eorum,
830 4920 888 4976 9.
914 4919 1121 4987 eterit,
1160 4935 1375 4992 semper
1414 4921 1694 4979 duriorem

147 5013 287 5076 petra
310 5009 373 5075 »ζ
397 5009 518 5064 dedi
552 5010 636 5080 (υ)
674 5009 909 5067 frontem
944 4994 1099 5067 tuam
1131 5012 1154 5080 ζ
1190 5029 1205 5067 :
1238 5025 1306 5067 ne
1351 5014 1546 5069 timeas
1576 5027 1697 5080 eos,

147 5111 315 5169 neque
340 5114 530 5170 paveas
570 5117 603 5157 a
629 5102 772 5158 facie
801 5119 1014 5170 eorum,
1061 5106 1191 5177 quia
1228 5106 1428 5164 domus
1475 5106 1700 5165 irritans

148 5198 246 5247 est.
277 5192 356 5247 10.
384 5192 441 5250 Et
476 5193 615 5250 dixit
638 5197 706 5251 ad
740 5211 867 5253 me:
900 5195 1003 5253 Fili
1047 5197 1310 5266 bominis,
1341 5213 1535 5256 omnes
1582 5215 1699 5257 ser-

150 5295 509 5357 tuones,qu0s
548 5286 765 5345 locutus
810 5303 933 5345 sum
971 5297 1185 5355 tecum.
1231 5305 1455 5348 assume
1488 5292 1542 5347 in
1596 5307 1696 5348 cor

1796 4556 1851 4604 et
1886 4546 2130 4603 vincient
2176 4557 2228 4603 te
2273 4548 2327 4602 iu
2361 4548 2457 4615 eis,
2508 4558 2561 4605 et
2592 4563 2698 4604 non
2747 4548 3046 4621 egredieris
3086 4548 3156 4604 de
3200 4547 3381 4602 medio

1797 4655 2013 4698 eorum.
2047 4640 2140 4697 26.
2174 4640 2240 4698 Et
2281 4641 2716 4714 linguam.tuam
2764 4643 2930 4698 simul
2981 4642 3163 4713 ligabo
3202 4643 3269 4710 3(
3309 4640 3380 4694 ad

1799 4742 1988 4804 guttur
2044 4743 2199 4790 tuum
2233 4734 2284 4804 ζ,
2329 4745 2384 4792 et
2414 4737 2782 4803 obmutesces,
2817 4743 2871 4791 et
2906 4750 3014 4790 non
3047 4735 3157 4791 eris
3196 4734 3278 4789 eis
3319 4732 3396 4788 iu.

1800 4824 1983 4879 virum
2017 4823 2402 4896 objurgantem
2433 4843 2450 4892 3
2478 4825 2608 4896 quia
2630 4824 2832 4881 domus
2879 4824 3104 4881 irritans
3135 4829 3240 4878 est.
3283 4820 3378 4875 27.

1804 4915 2026 4974 Etcum
2054 4916 2273 4973 locutus
2306 4917 2463 4974 luero
2498 4917 2565 4974 ad
2605 4927 2677 4985 te,
2721 4916 2960 4989 aperiam
2998 4930 3062 4971 os
3110 4923 3291 4980 tuum,
3325 4920 3382 4965 et

1803 5011 1956 5069 dices
1983 5010 2051 5067 ad
2080 5025 2213 5068 eos:
2260 5008 2384 5066 iiaec
2411 5010 2543 5067 dicit
2581 5009 2662 5080 (d)
2689 5010 2901 5066 Adonai
2930 5007 3228 5064 Dominus:
3274 5003 3382 5072 Qui

1802 5105 1974 5171 audit,
2038 5104 2246 5168 audiat,
2294 5112 2350 5158 et
2401 5102 2495 5174 qui
2543 5102 2761 5160 rebellis
2795 5110 2900 5170 est,
2951 5097 3381 5169 rebellet-;quia

1803 5197 2001 5254 domus
2028 5195 2253 5251 irritans
2274 5203 2382 5250 est.

1874 5292 2012 5362 Cap.
2047 5288 2138 5346 tv:
2168 5290 2304 5344 —i.
2337 5288 2402 5343 Et
2437 5296 2514 5356 tu,
2545 5286 2621 5344 nti
2660 5286 2935 5352 bominis,
2981 5298 3136 5342 sume
3173 5283 3268 5340 tibi
3304 5283 3382 5338 la-

222 5462 292 5536 (ο)
317 5465 447 5535 quod
478 5465 672 5536 loquar
694 5466 763 5522 ad
805 5474 877 5523 te.
928 5466 996 5523 Et
1039 5467 1319 5540 ingressus
1367 5477 1453 5526 est
1506 5469 1561 5525 in
1615 5466 1855 5525 medium
1908 5469 2015 5524 mei
2057 5466 2307 5537 spiritus.
2384 5466 2464 5538 tp)
2491 5462 2785 5522 Minus.
2838 5463 2912 5553 (q)
2947 5464 2993 5520 si
3023 5463 3380 5534 quemadmo-

152 5537 277 5591 dutn
305 5536 617 5596 audiverint.
651 5536 1047 5608 acquieverint.
1130 5538 1202 5610 (r)
1236 5537 1320 5605 8.,
1354 5538 1698 5621 impudentes
1740 5539 1884 5594 enim
1922 5546 2074 5600 sunt,
2113 5545 2168 5590 et
2212 5536 2331 5591 siue
2370 5549 2433 5590 ar

155 5608 273 5664 bula
304 5608 540 5662 rotunda.
570 5607 635 5678 (t)
670 5606 756 5674 8.,
823 5608 1057 5666 lanctus.
1084 5613 1164 5679 (tt)
1194 5617 1623 5665 contentionem.
1667 5611 1747 5680 (ι)
1778 5608 1862 5675 S»,

658 5678 671 5689 '
817 5679 986 5735 omini
1011 5689 1131 5736 erat
1165 5694 1332 5750 super
1358 5694 1464 5734 ute.
1489 5680 1563 5750 (z)
1600 5679 1686 5744 S..
1728 5678 1852 5741 fta..

159 5767 187 5806 a
212 5765 307 5806 nte.
331 5748 395 5820 (b)
428 5749 481 5805 in
513 5746 821 5822 iniquitate.
852 5749 921 5825 (c)
948 5748 1030 5820 S..
1062 5749 1187 5822 Th..
1218 5752 1263 5807 si
1293 5763 1424 5807 vero
1452 5750 1779 5824 praeveneris
1804 5747 2082 5806 monueris
2102 5745 2272 5819 justu

158 5679 231 5749 (9)
260 5675 334 5741 S..
364 5692 552 5733 manus
584 5693 731 5734 enim

2800 5537 2837 5573 ⁴
2865 5538 2949 5601 3..
2975 5535 3263 5604 scriptoria
3300 5543 3383 5589 ta-

2856 5605 3114 5672 'orionem
3142 5606 3377 5660 alarum.

2880 5675 2975 5732 ties
3014 5675 3261 5732 monebis
3286 5689 3391 5730 cos-

2888 5747 3172 5803 Donunus.

1942 5606 2272 5664 uisationeut
2300 5605 2368 5659 sir

1900 5623 2160 5736 Rabitans
2188 5688 2290 5744 ego
