3967 6217
596 220 739 277 2705

1732 223 1966 284 conssx
2009 222 2893 282 svntACO-ttExAPLAnts.
3778 237 3803 288 ξ·

596 332 704 388 hoc
731 332 847 388 baec
883 332 1026 389 dicit
1065 333 1274 391 Adonai
1333 335 1599 394 Dominus
1640 338 1921 397 :Mortuos
1951 348 2183 404 vestros,
2215 343 2263 399 Α
2359 338 2495 410 Cap.
2530 337 2681 405 ΧΗ,
2726 340 2793 394 1.
2870 336 2957 390 Et
3020 333 3262 391 factum
3306 344 3399 393 est
3434 338 3639 394 verbum
3667 340 3812 414 mabil

596 439 737 495 quos
760 426 1108 495 percussistis
1134 426 1187 481 iu
1206 427 1384 483 medio
1416 430 1558 498 ejus,
1591 431 1643 485 lti
1674 440 1806 487 sunt
1830 447 2048 498 eaJtteS,
2067 431 2184 486 baec

596 528 777 573 autem
825 527 912 602 est
958 519 1088 582 olla,
1136 527 1192 574 et
1236 534 1331 574 vos
1369 521 1598 577 educam
1642 523 1709 577 de
1737 524 1917 578 medio
1954 524 2098 593 ejus.
2127 523 2180 578 8.

598 608 852 664 Gladium
906 610 1131 676 titnetiS,
1182 621 1239 668 et
1292 612 1527 683 gladium
1560 614 1816 670 inducam
1865 629 2034 684 super
2065 628 2182 680 vos,

600 701 676 755 ait
700 701 777 772 (y)
801 699 1064 757 Dominus
1103 703 1390 760 Dominus.
1418 704 1471 760 9.
1505 703 1571 760 Et
1591 706 1822 762 educam
1849 722 1946 776 vos
1965 706 2034 760 de
2068 721 2185 760 me-

599 791 694 846 dio
720 792 865 862 ejus,
892 803 944 848 et
969 794 1179 849 tradam
1212 810 1311 850 vos
1347 799 1400 850 in
1426 812 1624 852 manus
1653 798 1983 859 alienorum,
2016 806 2067 852 et
2091 796 2182 852 fa-

600 884 741 938 ciam
771 886 824 939 iu
867 885 1019 940 vobis
1050 886 1258 955 judicia
1285 906 1298 941 ε
1330 886 1418 941 10.
1455 888 1509 942 iu
1539 888 1722 957 gladio
1756 871 1985 954 cadetis,
2018 903 2186 959 super

599 976 674 1048 (z)
701 975 979 1034 utomibus
1011 979 1228 1034 Israelis
1241 979 1503 1047 judicabo
1534 995 1649 1046 vos,
1686 988 1742 1034 et
1791 980 1999 1046 scietis,
2040 982 2181 1051 qumi

598 1084 700 1139 ego
727 1068 1012 1125 Dominus.
1049 1071 1136 1124 11.
1194 1070 1320 1127 iiaee
1350 1073 1507 1127 vobis
1557 1088 1664 1128 nou
1705 1072 1811 1127 erit
1839 1073 1893 1126 in
1919 1073 2107 1137 ollam,
2132 1083 2186 1128 et

597 1177 699 1218 vos
734 1179 844 1218 non
876 1164 1030 1219 eritis
1056 1165 1109 1218 iu
1137 1165 1315 1220 medio
1339 1166 1459 1236 ejus
1483 1167 1539 1219 in
1568 1180 1800 1221 eat-nest
1843 1181 2011 1236 super
2029 1180 2188 1221 mon-

599 1254 745 1308 tibus
777 1253 1275 1326 israelis.judieabo
1295 1256 1525 1312 vos.12.
1560 1257 1628 1311 Et
1651 1258 2017 1325 cognoscetis,
2040 1258 2184 1327 quod

597 1362 701 1417 ego
727 1347 1019 1413 Dominus3
1053 1349 1120 1415 je(
1146 1348 1274 1416 quia
1303 1347 1358 1402 in
1382 1348 1874 1419 justificationibus
1912 1351 2049 1405 meis
2074 1366 2179 1406 non

599 1438 945 1503 ambulastis,
968 1447 1024 1492 et
1042 1438 1248 1508 judicia
1267 1454 1387 1494 mea
1416 1455 1526 1495 non
1558 1439 1783 1508 fecistis,
1812 1451 1865 1497 et
1887 1444 2185 1498 seeundum

597 1530 801 1600 judicia
836 1530 1106 1600 gentium,
1160 1546 1284 1601 quae
1313 1532 1459 1588 circa
1515 1549 1634 1598 vos,
1682 1535 1892 1591 fecistis
1923 1537 1970 1604 ζ.
2005 1537 2090 1592 15.
2122 1536 2183 1591 Et

602 1623 807 1677 factum
842 1631 947 1688 est,
970 1639 1095 1677 cum
1126 1624 1526 1695 prophetarem,
1567 1637 1622 1682 et
1656 1626 1867 1683 Phania
1906 1628 2054 1683 iilius
2082 1628 2187 1683 Ba-

601 1732 734 1772 naeae
770 1725 1022 1772 mortuus
1042 1725 1125 1772 est
1161 1736 1175 1772 ;
1208 1727 1263 1772 et
1294 1718 1466 1773 cecidi
1486 1735 1651 1790 super
1675 1720 1876 1775 faeiem
1909 1733 2107 1784 meam,
2131 1729 2185 1775 et

599 1811 902 1866 exclamavi
932 1826 1063 1867 voce
1092 1827 1311 1882 magna.
1340 1822 1394 1867 et
1416 1812 1530 1868 dixi
1557 1830 1572 1869 ε
1605 1811 1695 1868 Vae
1735 1812 1888 1877 mibi,
1919 1827 1998 1867 ναξ
2028 1812 2182 1878 milti,

600 1905 813 1960 Adonai
872 1903 1122 1965 Domine,
1181 1905 1715 1961 consummationem
1757 1916 1815 1959 tu
1873 1906 2012 1962 facis
2049 1907 2186 1962 resi·-

600 1998 769 2051 duum
816 1994 1072 2052 Israelis?
1127 1996 1215 2051 u.
1251 1997 1319 2052 Et
1345 1995 1548 2052 factum
1591 2005 1677 2052 est
1712 1998 1934 2052 verbum
1967 1995 2185 2053 Domini

601 2090 670 2145 ad
699 2104 807 2153 me,
827 2088 1019 2146 dicens
1048 2107 1062 2143 ε
1091 2089 1177 2144 15.
1208 2089 1309 2144 Fili
1336 2089 1597 2154 bominis,
1627 2090 1708 2160 (α)
1749 2090 1802 2145 1ιὶ
1840 2090 2038 2145 fratres
2082 2090 2182 2155 tui,

604 2180 804 2236 fratres
839 2182 936 2248 tui,
963 2190 1018 2236 et
1053 2180 1154 2235 viri
1182 2181 1514 2250 captivitatis
1549 2191 1675 2246 tuac,
1706 2189 1760 2235 et
1779 2182 1958 2235 omnis
1987 2181 2185 2237 domus

600 2271 820 2329 israelis
847 2283 1225 2328 consummata
1255 2283 1358 2337 est,
1386 2272 1589 2341 quibus
1619 2273 1877 2327 dixerunt
1909 2273 1991 2328 eis
2027 2272 2186 2327 halti-

602 2374 805 2422 tatores
841 2364 1145 2420 Jerusalem
1193 2383 1206 2419 :
1236 2363 1422 2434 Longe
1443 2363 1648 2419 abestis
1668 2380 1700 2419 a
1730 2364 1980 2428 Domino,
2027 2365 2186 2421 uobis

603 2460 672 2526 jc(
705 2467 892 2513 nostra
924 2458 1090 2528 :data
1115 2467 1199 2513 est
1220 2468 1364 2513 terra
1395 2458 1449 2512 in
1488 2458 1883 2514 haereditatem.
1913 2459 2003 2513 16.
2048 2457 2183 2513 Pro·

603 2561 724 2619 pter
745 2551 851 2604 boe
875 2549 996 2604 die:
1025 2548 1148 2605 iiaee
1180 2549 1314 2605 dicit
1340 2551 1551 2605 Adonai
1579 2549 1843 2605 Dominus
1877 2570 1889 2605 :
1918 2550 2076 2617 Quod
2101 2566 2187 2606 re·

602 2642 799 2712 pellam
828 2657 925 2698 eos
947 2641 1001 2695 in
1024 2651 1232 2711 gentes,
1254 2651 1310 2696 et
1333 2643 1643 2713 dispergam
1665 2658 1763 2698 eos
1788 2644 1841 2696 in
1874 2655 2062 2712 gentes
2085 2643 2183 2712 (b),

600 2743 655 2788 et
682 2734 992 2802 dispergam
1038 2746 1136 2786 eos
1183 2732 1237 2786 in
1283 2747 1502 2787 omnem
1551 2742 1775 2799 terram,
1805 2744 1861 2789 et
1893 2749 1989 2790 ero
2016 2734 2096 2790 eis
2128 2734 2183 2789 in

591 2825 977 2892 ‚sanctuarium
1015 2838 1241 2893 parvum
1273 2824 1327 2878 in
1355 2824 1694 2894 regionibus,
1717 2841 2065 2898 quocumque
2094 2827 2184 2882 fu·-

601 2915 746 2970 erint
786 2916 1016 2986 ingressi
1055 2916 1207 2971 illue.
1237 2916 1360 2970 ⁴17.
1395 2915 1625 2987 Propter
1658 2918 1761 2974 ltoc
1788 2918 1879 2975 dic
1906 2938 1921 2975 ε
1957 2916 2082 2974 Haec
2102 2920 2185 2976 di·

2286 446 2394 496 me,
2435 432 2650 489 dicens
2686 450 2707 488 τ
2748 430 2825 486 2.
2879 429 3011 487 Fili
3064 428 3366 494 hominis,
3406 429 3462 484 in
3516 429 3669 486 medio
3692 435 3811 502 (elas.

2286 533 2464 581 tatum
2493 541 2720 582 eorum
2770 534 2849 581 tu
2911 524 3218 589 habitas,
3258 520 3478 596 quibus
3508 532 3629 579 sunt
3658 531 3811 586 etnim

2284 618 2544 684 dentium,
2579 627 2651 675 et
2695 631 2844 674 non
2892 616 3129 673 vident
3151 658 3170 683 ,
3228 626 3293 670 et
3322 629 3498 671 aures
3526 625 3643 671 sunt
3678 617 3812 672 cisa-4

2286 709 2571 776 diendum,
2608 717 2685 764 οι
2727 722 2880 763 non
2918 705 3235 770 audiunt,
3274 701 3415 776 quia
3438 700 3626 758 domus
3657 700 3811 758 unus.

2285 802 2339 857 3.
2374 801 2438 857 Et
2467 810 2549 868 tu,
2584 800 2669 856 ilii
2706 798 3056 861 hominis,
3131 795 3237 853 sac
3270 795 3378 851 tibi
3404 809 3537 849 vasa
3564 795 3791 863 captivitas

2284 895 2561 965 captivare
2583 893 2881 950 inter-«liu
2914 907 3154 949 coram
3187 891 3302 957 eis,
3332 896 3393 944 et
3420 886 3799 959 captivaberisa.

2286 997 2382 1043 tuo
2415 988 2471 1042 in
2512 987 2703 1042 iocum
2768 986 2994 1042 aliurn
3038 997 3267 1040 coram
3307 983 3429 1044 eis,
3467 988 3529 1035 ut
3571 979 3799 1042 rideant‚=

2284 1080 2483 1135 ‹lmnus
2535 1080 2789 1136 irritans
2840 1086 2983 1134 est.
3032 1076 3101 1130 4.
3144 1073 3225 1129 Et
3277 1072 3535 1145 proferes
3578 1081 3781 1130 vasatas,

2284 1171 2641 1242 captititatis,
2686 1167 3003 1226 interdiu
3065 1167 3153 1239 (t)
3208 1165 3288 1221 ad
3325 1164 3527 1219 oculos
3567 1175 3793 1226 coruunt

2284 1263 2580 1332 egredieris
2628 1276 2910 1335 vespere
2973 1274 3207 1317 eoram
3257 1258 3371 1322 eis,
3414 1257 3487 1326 ’χ
3542 1255 3779 1323 sicutegre

2287 1354 2534 1425 captivus
2578 1357 2627 1426 ζ.
2679 1356 2733 1410 5.
2798 1354 2911 1410 Λᾶ
2978 1353 3217 1409 oculos
3273 1365 3483 1405 eorum
3537 1344 3811 1416 pertndee

2288 1447 2573 1516 parietem,
2602 1455 2654 1500 et
2680 1445 3054 1517 egredieris
3085 1458 3201 1514 per
3229 1456 3394 1496 eum.
3431 1438 3484 1493 6.
3511 1437 3681 1492 Coram
3699 1433 3791 1488 ein*

2290 1535 2534 1590 ilumeris
2566 1535 2642 1607 (9)
2676 1534 3075 1605 portaberiS,
3134 1541 3200 1587 et
3245 1528 3615 1586 absconditus
3644 1525 3781 1594 egreia
3810 1555 3811 1566 κ

2291 1626 2484 1682 faciem
2547 1636 2695 1682 tuam
2746 1627 3129 1696 cooperies,
3194 1631 3259 1679 et
3308 1636 3425 1677 non
3483 1616 3667 1674 ridebis
3702 1624 3783 1667 tera

2286 1718 2415 1788 quia
2444 1727 2757 1787 portentum
2799 1716 2963 1773 dedi
3000 1725 3069 1773 te
3102 1712 3321 1770 dormti
3371 1707 3607 1767 israelis.
3638 1707 3679 1759 ¹1.
3709 1703 3746 1758 Et
3770 1725 3787 1750 r

2287 1811 2384 1874 ita,
2423 1810 2581 1880 juxta
2634 1809 2850 1876 omnia,
2914 1824 3072 1882 quae
3116 1811 3491 1879 proeeeperat
3536 1799 3779 1854 minitata

2286 1902 2508 1972 protuli,
2535 1903 2688 1971 quasi
2718 1917 2855 1958 vasa
2915 1900 3322 1972 captivitatis
3360 1893 3614 1956 interdiu,
3648 1898 3779 1950 etit*

2286 1995 2493 2066 perfodi
2544 1995 2677 2051 mibi
2719 1995 3018 2065 parietem
3060 2006 3259 2047 mauu
3304 2004 3469 2052 mea,
3505 1993 3557 2039 et
3602 1977 3763 2036 :iscam

2285 2103 2539 2160 egressus
2569 2102 2715 2148 sum.
2739 2101 2919 2158 super
2949 2083 3250 2141 humeris
3284 2080 3366 2153 (h)
3398 2081 3633 2151 portatus
3657 2085 3729 2126 sun
3750 2083 3769 2116 o

2287 2195 2404 2236 ram
2431 2180 2533 2235 eis.
2567 2178 2622 2234 8.
2664 2177 2732 2233 Et
2766 2177 2991 2234 factum
3029 2184 3135 2234 est
3177 2178 3433 2230 verbum
3486 2162 3666 2223 Domini
3692 2159 3763 2212 A}

2285 2292 2470 2341 mane,
2496 2276 2687 2331 dicens
2715 2293 2728 2329 :
2768 2276 2824 2331 9.
2856 2272 2979 2328 Fili
3011 2268 3314 2335 hominis,
3346 2275 3532 2322 nonne
3573 2255 3657 2314 dixi
3681 2255 3757 2322 1Ἱῦ

2286 2368 2484 2424 domus
2516 2366 2757 2430 israelis,
2785 2364 3003 2421 domus
3059 2361 3323 2418 irritans
3358 2364 3468 2416 est.
3500 2350 3616 2424 quid
3641 2345 3749 2402 tufam

2287 2459 2376 2515 10.
2410 2459 2505 2515 Dic
2531 2458 2597 2512 ad
2626 2471 2721 2512 eos
2748 2475 2761 2512 ε
2812 2455 2941 2511 Haec
2989 2454 3150 2511 dicit
3200 2449 3482 2506 Dominus
3536 2439 3740 2498 mutus.

2285 2552 2521 2625 principi
2550 2559 2604 2605 et
2629 2549 2757 2604 duci
2788 2550 2843 2604 in
2870 2546 3250 2610 Jerusalem,
3284 2552 3345 2598 et
3367 2537 3516 2596 omni
3543 2527 3749 2590 domuin

2287 2642 2375 2706 iis,
2415 2641 2509 2711 qui
2554 2649 2682 2696 mut
2711 2640 2763 2694 in
2810 2637 2999 2694 medio
3055 2649 3304 2702 eorum,
3358 2630 3441 2686 11.
3476 2626 3574 2690 dib·
3605 2619 3739 2691 (ΜΝ

2286 2737 2538 2805 portenta
2567 2731 2787 2786 tacioeo·
2811 2731 2865 2786 ln
2916 2730 3122 2787 medio
3161 2728 3192 2803 ζ
3224 2744 3242 2783 z
3278 2711 3737 2797 quemadmodum?-

2286 2826 2368 2881 sic
2397 2825 2502 2881 erit
2532 2825 2604 2890 ei,
2633 2825 2689 2878 in
2720 2823 3162 2894 demigratione,
3199 2828 3264 2876 et
3294 2818 3353 2873 in
3388 2799 3727 2885 capttvtutellta

2288 2918 2377 2973 12.
2402 2928 2458 2974 et
2486 2916 2762 2987 princeps,
2793 2917 2884 2986 qul
2915 2914 2970 2970 iu
3006 2914 3216 2971 medio
3246 2923 3473 2970 eorum.
3501 2911 3635 2970 ⁸¹¹9&
3659 2895 3725 2948 ⁸¹*

601 3008 677 3064 cit
707 3007 917 3063 Adonai
942 3007 1206 3064 Dominus
1233 3024 1248 3062 ε
1271 3008 1338 3063 Ει
1360 3009 1656 3080 suscipiam
1687 3026 1784 3067 eos
1811 3010 1882 3066 de
1905 3012 2181 3083 gentibus,
2210 3020 2254 3079 c
2289 3012 2366 3067 ris
2389 3010 2714 3082 portabitur,
2753 3017 2809 3064 et
2833 3009 3213 3065 absconditus
3252 2999 3560 3077 egredietur
3578 3003 3647 3062 W
3661 2995 3717 3053 Ρ*

600 3109 652 3153 et
674 3101 1018 3171 congregabo
1045 3114 1142 3155 eos
1200 3100 1269 3156 de
1318 3099 1653 3171 regionibus,
1698 3101 1901 3171 quibus
1949 3101 2182 3172 dispersi

601 3208 698 3251 eos
717 3193 770 3246 in
793 3193 897 3259 eis,
931 3202 985 3249 et
1016 3193 1159 3250 dabo
1181 3195 1263 3250 eis
1281 3202 1482 3250 terram
1511 3191 1728 3250 Israelis
1763 3212 1778 3249 z
1804 3193 1889 3250 18.
1921 3202 1975 3250 et
2003 3195 2185 3266 ingre-

600 3288 821 3344 dientur
845 3289 996 3353 illuc,
1031 3298 1086 3345 et
1105 3288 1355 3345 auferent
1378 3304 1569 3345 omnes
1585 3289 2023 3346 abominationes
2041 3290 2182 3361 ejus,

599 3391 655 3436 et
670 3395 862 3436 omncs
888 3381 1205 3450 iniquitates
1235 3381 1356 3449 ejus
1388 3378 1456 3435 de
1481 3395 1566 3435 ea.
1599 3380 1686 3436 19.
1719 3380 1783 3434 Et
1805 3381 1947 3437 dabo
1975 3382 2059 3436 eis
2092 3397 2188 3437 cor

601 3470 773 3535 aliud,
808 3479 860 3524 et
891 3471 1143 3538 spiritum
1185 3485 1387 3524 novum
1416 3470 1557 3524 dabo
1585 3471 1641 3525 iu
1688 3473 1788 3538 eis,
1818 3484 1869 3527 et
1900 3473 2185 3528 extraham

602 3576 699 3616 cor
726 3575 917 3614 eorum
960 3560 1229 3627 lapideum
1271 3575 1338 3615 ex
1385 3575 1554 3615 carue
1600 3578 1813 3628 eorum,
1857 3574 1910 3617 et
1938 3562 2080 3616 dabo
2107 3565 2188 3618 eis

603 3663 701 3704 ror
735 3662 1017 3712 carneum,
1050 3647 1140 3700 20.
1177 3655 1238 3701 ut
1284 3648 1339 3702 in
1391 3652 1675 3717 praeceptis
1705 3651 1843 3704 meis
1880 3650 2185 3716 ambulent,

603 3749 659 3795 et
673 3738 1095 3809 justificationes
1125 3753 1277 3795 meas
1304 3740 1638 3805 custodiant,
1657 3741 1723 3796 vet
1751 3741 1954 3798 faciant
1985 3758 2082 3810 ους
2135 3753 2189 3802 et

602 3840 766 3887 erunt
791 3832 924 3886 milti
957 3832 1010 3887 iu
1058 3833 1412 3903 populum,et
1443 3848 1544 3900 ego
1567 3848 1663 3889 cro
1686 3835 1769 3890 eis
1801 3834 1855 3890 in
1894 3834 2090 3902 Deum,
2123 3851 2185 3893 -t-

604 3926 735 3983 dicit
770 3925 1035 3984 Dominus
1070 3929 1117 3997 ζ.
1141 3928 1232 3983 21.
1261 3928 1329 3998 (e)
1361 3927 1429 3984 Et
1457 3927 1755 3985 secuudum
1784 3943 1881 3985 eor
1901 3930 2190 3987 abomina-

605 4021 814 4075 tionum
871 4035 1096 4077 suarum
1139 4032 1194 4077 et
1231 4022 1584 4093 iniquitatum
1606 4038 1856 4090 suarum,
1891 4041 2003 4096 quo
2027 4028 2191 4085 modo

603 4128 702 4168 cor
732 4128 920 4168 eorum
951 4115 1083 4183 ibat,
1115 4116 1233 4170 vias
1255 4132 1447 4173 eorum
1491 4118 1545 4172 in
1579 4119 1760 4188 capita
1812 4135 2006 4177 eorum
2043 4123 2188 4190 dedi,

604 4204 738 4260 dicit
758 4206 970 4263 Adonai
1005 4207 1290 4264 Dominus.
1326 4209 1417 4263 ⁴22.
1444 4209 1507 4264 Et
1531 4210 1873 4267 sustulerunt
1893 4213 2189 4271 Cherubim

605 4296 724 4352 alas
762 4311 912 4361 suas,
958 4309 1014 4353 et
1060 4309 1193 4355 rotie
1233 4315 1264 4354 a
1310 4300 1480 4355 latere
1524 4315 1739 4366 eorum,
1773 4313 1828 4358 et
1878 4304 2051 4374 gloria
2094 4305 2189 4361 Dei

609 4389 828 4445 israelis
856 4405 1021 4460 super
1048 4391 1117 4447 iis
1154 4406 1323 4461 supra
1358 4408 1475 4448 eos.
1509 4392 1601 4450 23.
1639 4393 1704 4450 Et
1743 4397 1991 4451 aseendit
2019 4397 2193 4467 gloria

609 4481 830 4536 Domini
857 4482 925 4536 de
945 4481 1124 4539 medio
1156 4484 1331 4551 urbiS,
1380 4493 1436 4541 et
1482 4487 1634 4542 stetit
1673 4503 1840 4557 super
1869 4499 2077 4555 monte,
2116 4488 2196 4559 (p)

608 4572 854 4644 quierat
896 4588 928 4629 e
985 4576 1208 4646 regione
1244 4576 1416 4631 urbis.
1453 4578 1545 4633 at.
1582 4580 1646 4634 Et
1697 4582 1925 4652 spiritus
1971 4583 2200 4640 sustulit

609 4680 721 4731 me,
751 4675 808 4721 et
832 4665 991 4722 duxit
1022 4682 1108 4724 me
1138 4668 1191 4722 iu
1223 4678 1422 4724 terram
1449 4670 1831 4729 Chaldaeorum
1865 4674 1932 4729 ad
1962 4674 2196 4742 captivi·

612 4773 776 4820 tatem
811 4762 864 4817 in
893 4763 1102 4818 visione
1126 4762 1179 4818 in
1202 4762 1396 4833 spiritu
1425 4763 1540 4820 Dei.
1567 4764 1625 4820 Et
1651 4766 1871 4822 ascendi
1901 4781 1930 4820 a
1955 4766 2192 4828 visione,

610 4869 777 4925 quam
811 4852 939 4908 vidi.
973 4852 1066 4907 25.
1097 4850 1164 4908 Et
1195 4853 1413 4909 locutus
1441 4869 1566 4909 sum
1597 4856 1664 4910 ad
1690 4853 2060 4926 captivitatem
2080 4866 2194 4908 om-

610 4946 703 5002 nia
736 4942 900 4999 verba
929 4941 1165 5009 Domini,
1194 4957 1316 5013 quae
1341 4943 1656 5000 ostenderat
1675 4943 1844 4999 mibi:

2289 3113 2424 3170 tem,
2463 3113 2519 3159 et
2546 3102 2830 3174 perfodiet,
2870 3108 2930 3156 ut
2978 3101 3328 3173 egrediatur
3358 3106 3454 3166 per
3482 3098 3618 3146 eum:
3648 3075 3718 3130 iac*

2287 3211 2443 3253 suam
2474 3196 2774 3266 cooperiet,
2796 3203 2948 3250 utne
2976 3194 3253 3249 videatur
3276 3185 3456 3248 oculo.
3477 3187 3525 3235 et
3539 3175 3703 3245 {faecem

2288 3304 2397 3344 non
2431 3290 2657 3345 videbit.
2689 3289 2778 3344 15.
2834 3288 2899 3342 Et
2947 3286 3275 3356 expandam
3334 3287 3448 3337 rete
3494 3277 3629 3327 meum
3658 3269 3709 3320 “i

2288 3398 2437 3448 euin,
2469 3392 2524 3439 et
2565 3382 2811 3454 capietur
2848 3382 2901 3435 in
2951 3387 3113 3449 septo
3152 3391 3310 3443 meo,
3356 3381 3411 3428 et
3450 3357 3708 3423 ducamw'fl

2290 3473 2643 3545 Babylonem,
2678 3474 2733 3528 in
2765 3484 2967 3528 terram
2991 3469 3392 3526 Citaldaeorum
3414 3501 3428 3524 ,
3470 3463 3519 3511 ⁶⁸
3542 3445 3708 3546 ῙΡΨΪ.

2290 3566 2515 3628 videbit,
2551 3576 2605 3620 et
2643 3566 2714 3619 uu
2761 3566 3047 3619 morietur.
3086 3563 3184 3618 tt.
3238 3558 3309 3614 Ει
3340 3536 3705 3613 οωηεε.σν’””

2290 3675 2439 3724 eum,
2486 3657 2842 3712 auxiliatores
2890 3656 3032 3727 ejus,
3068 3657 3145 3727 (k)
3196 3661 3255 3710 et
3296 3658 3483 3707 omnes
3522 3625 3693 3757 imm?

2291 3766 2415 3806 eum
2446 3749 2752 3818 disprrgam
2787 3748 2840 3802 in
2880 3763 3098 3803 omnem
3126 3755 3382 3807 ventum,
3412 3743 3462 3792 ci
3500 3725 3638 3813 8³⁶³?
3679 3729 3684 3736 ’

2294 3844 2515 3899 fundam
2551 3849 2675 3912 post
2703 3855 2821 3896 eoS.
2846 3840 2935 3895 15.
2968 3840 3033 3895 Et
3055 3839 3254 3901 scient,
3281 3830 3427 3906 quod
3452 3837 3541 3897 030
3560 3805 3681 3872 Μ

2292 3935 2515 4010 quaudo
2549 3934 2863 4004 dispersero
2896 3947 2994 3987 eos
3043 3932 3099 3986 in
3156 3927 3431 4002 gentibus,
3462 3925 3511 3973 ei
3550 3898 3696 4029 fil‘fflg

2292 4047 2387 4088 eos
2419 4030 2473 4085 in
2519 4026 2853 4099 regionibus.
2890 4024 2979 4079 16.
3016 4021 3084 4076 Et
3131 4025 3436 4092 relinquam
3482 3999 3658 4062 restim

2292 4126 2374 4182 eis
2396 4124 2543 4177 viros
2568 4121 2623 4176 iu
2649 4132 2883 4174 numero
2910 4133 2940 4171 a
2968 4114 3175 4187 gladio,
3202 4125 3258 4171 et
3276 4129 3305 4169 a
3336 4109 3490 4166 tame.
3514 4081 3699 4187 &istm

2295 4227 2355 4269 ut
2393 4216 2504 4270 sint
2535 4218 2825 4266 narrantes
2853 4218 3049 4261 omnes
3074 4203 3390 4275 iniquitates
3412 4197 3566 4252 eorum
3590 4189 3623 4230 ¹¹¹
3645 4171 3694 4234 Ρ

2300 4306 2468 4372 tibus,
2498 4318 2608 4372 quo
2636 4298 2872 4372 ingressi
2902 4294 3107 4352 fuerint
3127 4295 3281 4362 illuc,
3302 4301 3355 4350 et
3378 4287 3546 4347 scient.
3566 4259 3702 4373 11)οΜ

2300 4396 2579 4450 Dominus.
2616 4393 2705 4446 17.
2742 4391 2807 4446 Et
2830 4389 3035 4447 factum
3062 4397 3149 4443 est
3174 4387 3398 4442 verbum
3419 4353 3697 4436 mmmm*

2293 4484 2483 4540 diceus
2517 4499 2531 4535 t
2565 4480 2650 4535 18.
2687 4479 2786 4535 Fili
2813 4478 3077 4545 bominis,
3108 4490 3309 4548 panem
3344 4483 3481 4531 tuum
3506 4457 3555 4533 (ll
3582 4443 3703 4531 Νη

2294 4574 2449 4630 nuria
2481 4571 2755 4648 comedes,
2794 4580 2851 4627 et
2883 4585 3083 4642 aquam
3130 4583 3256 4625 eum
3308 4561 3531 4623 cruciatu
3559 4531 3706 4672 'vffi

2294 4666 2466 4722 bibes.
2504 4665 2592 4719 19.
2625 4664 2690 4722 Et
2739 4663 2892 4719 dices
2929 4663 2997 4718 ad
3033 4661 3290 4734 populum
3328 4666 3503 4716 terre:
3546 4635 3631 4696 ΗΕ

2293 4757 2505 4813 Adonai
2550 4755 2813 4812 Dominus
2846 4755 3225 4812 babitantibus
3276 4753 3333 4810 in
3366 4737 3608 4838 Jerusaitffm

2298 4860 2444 4906 terra
2476 4848 2690 4904 israelis
2717 4866 2731 4903 ε
2760 4846 2938 4904 Panes
2966 4861 3099 4903 suos
3121 4846 3215 4916 (m)
3246 4860 3371 4902 eum
3414 4838 3590 4913 penum
3614 4813 3713 4944 ΜΖ

2298 4942 2448 5010 deut,
2485 4952 2541 4999 et
2570 4956 2769 5013 aquam
2808 4955 2966 4995 suam
2992 4939 3074 5011 (η)
3101 4953 3227 4994 cum
3257 4936 3421 4994 exitio
3454 4901 3674 4987 bibean
3750 4869 3775 5136 ς

686 5107 761 5191 (y)
796 5106 1028 5163 Adonai.
1106 5105 1178 5178 (z)
1212 5104 1455 5163 Finibus.
1533 5109 1610 5180 (a)
1643 5105 1734 5171 A„
1773 5111 1995 5186 propter
2042 5102 2240 5159 iratres
2275 5111 2422 5172 tuos,
2476 5104 2676 5162 iratres
2734 5113 2880 5167 tuos,
2941 5099 3089 5155 viros
3140 5097 3464 5168 propinquos
3483 5058 3713 5212 sexififfigff

615 5194 861 5232 omnium
892 5178 1155 5234 domuum
1190 5174 1425 5240 israelis,
1448 5193 1660 5242 outtws,
1703 5172 1907 5243 munus
1930 5173 2190 5230 dixerunt
2228 5173 2560 5232 habitatores
2591 5172 2921 5232 Jerusalem.
2997 5172 3072 5240 (θ)
3108 5168 3173 5224 Et
3210 5167 3527 5237 dispergentu
3657 5213 3683 5254 n

618 5261 853 5314 quorum
880 5258 1060 5304 autem
1107 5251 1174 5303 ad
1208 5248 1569 5319 cogitationes
1600 5245 2034 5319 profunditatum
2068 5261 2292 5300 suarum
2330 5257 2386 5303 et
2410 5245 2883 5302 abominationum
2928 5253 3153 5298 suarum
3193 5253 3293 5294 cor
3332 5245 3505 5312 eorum·
3633 5277 3645 5348 )
3663 5271 3712 5324 35,

1631 5316 1710 5388 (cl)
1756 5315 1873 5380 Th„
1897 5317 1993 5385 qui
2027 5319 2097 5372 ab
2136 5316 2365 5373 oriente.
2440 5318 2510 5387 (e)
2545 5315 2748 5372 Domus
2786 5310 3075 5367 irritantis.
3151 5310 3216 5380 (s)
3250 5307 3439 5363 Coram
3468 5311 3556 5374 ets..
3596 5287 3655 5406 (gr
3691 5347 3703 5378 ,

1496 5391 1560 5462 Γ)
1595 5386 1696 5442 llic
1726 5385 1966 5455 Norbcrg
2008 5405 2022 5440 ε
2063 5407 2080 5438 ι
2121 5395 2296 5452 wiza,
2330 5389 2600 5450 dixerunt,
2649 5399 2747 5453 pro
2789 5391 2963 5443 mm
3015 5380 3157 5446 dixi,
3222 5377 3483 5448 legendum
3521 5359 3614 5419 ridel
3629 5410 3707 5470 W

621 5450 830 5506 'renus
870 5451 1288 5579 Teu-asplorum,
1338 5457 1493 5516 εἶπον
1538 5458 1856 5526 ambiguum
1909 5467 2012 5511 est.
2048 5455 2242 5512 Omnia
2284 5459 2388 5515 alia
2447 5454 2803 5526 exemplaria,
2843 5448 3023 5510 εἶπαν.
3058 5449 3223 5508 Hebr.
3258 5457 3315 5505 et
3364 5445 3507 5516 vulg„
3544 5429 3627 5486 dixe

618 5328 808 5368 eorum
845 5318 899 5371 in
936 5329 1099 5389 caput
1130 5334 1320 5374 eorum
1355 5322 1534 5390 posui.

620 5396 825 5436 sumes.
920 5388 997 5454 (h)
1045 5387 1128 5453 S..
1173 5394 1400 5459 gestavi.

623 5517 835 5602 Ducti.
912 5526 975 5590 (i)
1150 5542 1369 5601 propter
1428 5530 1723 5601 principem
1781 5542 1922 5580 onus
1978 5529 2099 5584 boc.
2176 5527 2249 5599 (k)
2305 5531 2389 5594 S..

621 5607 786 5719 3²:1⁸³
876 5589 1100 5662 (imum
1138 5601 1344 5656 dolore.
1452 5605 1550 5673 (m)
1594 5599 1679 5662 8.,
1732 5613 1854 5652 cum
1889 5613 1996 5653 non
2036 5601 2244 5658 ordine.

3529 5223 3609 5278 itti.
3637 5219 3655 5256 i
3685 5204 3708 5246 β

2448 5541 2499 5582 et
2557 5538 2751 5581 onmes
2791 5523 2906 5579 alas
2943 5524 3065 5595 ejus
3113 5522 3438 5591 dispergant.
3513 5485 3707 5564 radius·

2352 5602 2431 5672 (⁰)
2470 5598 2551 5660 S„
2588 5610 2712 5651 cunt
2747 5611 2996 5652 tnoerore.
3106 5591 3179 5666 (ο)
3227 5588 3309 5654 S„
3352 5598 3407 5645 ut
3440 5569 3653 5644 nullorum

3763 5629 3783 5964 1'.

3676 6063 3812 6151 A
