3967 6217
227 270 358 327 277³
1690 245 1701 256 '
3341 266 3484 325 277⁴

1554 373 2154 432 AppnussATtoNES.

294 493 479 551 Prodit
501 493 725 550 tandem
773 493 832 550 in
877 492 1149 564 publicam
1189 490 1389 552 lucem,
1421 490 1607 544 studio
1637 499 1693 545 et
1723 504 1890 559 opera
1933 489 2035 544 viri
2079 488 2342 546 Hebraico
2368 530 2382 555 ,
2423 487 2627 552 Graece,
2658 498 2713 544 et
2747 488 2936 545 Latine
2988 491 3320 557 doctissimi,
3350 493 3490 552 Pro·

262 567 415 622 lietiae
436 564 670 621 Danielis
692 562 786 622 diu
812 566 1156 632 multumque
1179 575 1210 615 a
1228 575 1508 617 sacrarum
1528 558 1862 616 Litterarum
1886 559 2150 615 studiosis
2170 568 2483 628 exspectata
2512 557 2863 629 Septuaginta
2881 560 3241 632 interpretum
3266 562 3485 625 Versio.

226 583 477 693 Riuturui
499 633 756 691 desiderii
794 634 1254 705 exspectationem
1290 630 1583 698 explebunt
1617 632 1890 701 praeclarae
1914 629 2297 686 adnotationes
2333 628 2566 699 siugulis
2603 629 2847 696 eiusdem
2873 630 3180 702 Prophetiae
3215 633 3490 701 capitibus

228 705 495 772 subiectae,
529 705 582 759 ln
618 703 814 773 quibus
843 703 1136 786 singularis
1172 711 1397 771 apparet
1426 699 1636 756 clariss.
1660 700 1760 755 viri
1802 700 2135 769 linguarum,
2164 697 2363 757 Graeoae
2389 703 2691 764 praescrtim
2727 701 2952 771 peritia,
2991 709 3045 757 et
3079 700 3312 758 illustris
3344 704 3489 758 mul·

229 776 390 847 tiplicl
415 774 663 831 doctrina
699 772 898 842 ingenii
925 771 1227 842 judiciique
1262 772 1444 826 lumen
1474 769 1664 827 elucet.
1701 769 1964 841 Apologia
1998 783 2149 836 vero,
2188 784 2353 838 quam
2386 770 2443 823 in
2477 769 2720 839 quinque
2753 771 3175 827 Dissertationes
3206 772 3488 829 distribuit

227 861 322 917 pro
346 844 610 901 sententia
626 843 850 899 Patrum
871 843 939 898 de
968 840 1483 924 Septuagintavirali
1501 838 1790 904 Vei-sione,
1818 838 2190 920 incredibilem
2218 839 2399 905 babet,
2418 854 2541 908 quae
2561 840 2627 895 ad
2655 854 2868 896 sacram
2888 840 3283 913 profanamque
3302 844 3487 899 erudi-

230 916 424 971 tionem
453 916 747 983 pertinent,
780 913 1271 984 pulcherrimarum
1303 926 1487 965 rerum
1527 911 1845 966 varietatem
1882 918 1937 964 et
1967 924 2033 964 co
2075 923 2202 972 iam,
2230 920 2284 963 ct
2308 910 2360 963 in
2390 910 2456 964 iis
2478 910 2725 979 quaedam
2759 911 2946 976 etiam,
2972 928 3096 982 quae
3139 912 3272 967 viris
3300 912 3355 967 in
3383 915 3488 970 boc

228 985 528 1042 studiorum
584 999 785 1056 genero
833 982 1066 1038 versatis
1120 984 1237 1051 ipsa
1273 981 1356 1036 sui
1405 979 1644 1035 novitate
1671 996 1730 1035 se
1760 993 2017 1034 commen*
2052 979 2239 1032 abunt.
2275 976 2499 1033 Librum
2553 982 2719 1051 igitur
2745 983 2892 1036 omni
2927 983 3252 1038 eruditionis
3286 998 3487 1064 genera

228 1055 610 1120 abundantem,
637 1053 894 1109 mandato
926 1051 1050 1106 ani
1087 1050 1264 1106 Patris
1287 1049 1555 1106 Riccbinii
1590 1049 1715 1107 Sac.
1756 1048 1947 1104 Palatii
1971 1048 2268 1118 Apostolici
2323 1045 2564 1118 Magistri
2612 1047 2965 1120 cupidissime
2991 1066 3044 1108 et
3070 1052 3484 1124 diligentissime

230 1125 325 1196 legi
349 1143 365 1193 ς
395 1140 628 1195 eumque
661 1134 776 1180 tum
798 1122 1095 1179 Catholicae
1121 1121 1272 1176 Fidei
1312 1129 1425 1176 tum
1467 1121 1627 1175 bonis
1671 1121 1917 1176 moribus
1942 1118 2116 1188 reperi
2150 1128 2561 1187 congruentem,
2589 1128 2643 1175 et
2663 1136 2947 1177 sacrorum
2975 1123 3281 1177 studiorum
3303 1124 3483 1179 culto-

226 1197 376 1252 ribus
397 1195 747 1251 utilissimum
780 1191 898 1249 sore
931 1191 1167 1248 conlido.
1199 1190 1565 1257 Quamobrem
1594 1190 1978 1262 dignissimum
2006 1202 2225 1253 censeo,
2250 1188 2345 1259 qui
2374 1189 2515 1259 typis
2547 1189 2852 1261 impressus
2896 1192 2950 1246 in
2990 1193 3269 1263 publicum
3300 1195 3487 1264 profe-

230 1274 399 1321 ratur.
427 1264 622 1321 Datum
655 1265 843 1321 Romae
874 1280 929 1320 tx
968 1261 1086 1317 Kal.
1116 1261 1239 1318 Maii
1266 1276 1641 1318 ctatoccnxxn.

1647 1329 1727 1385 M.
1762 1330 1898 1402 Aua.
1927 1326 2283 1384 Giacomellus
2311 1328 2623 1399 archiepisc.
2653 1328 3112 1388 Chalcedonensis.

297 1445 447 1514 Quod
482 1448 676 1530 cupide
700 1448 1060 1519 expetendum
1090 1457 1236 1516 erat,
1269 1455 1330 1503 ut
1356 1447 1661 1518 Propltetiae
1709 1445 1947 1501 Danielis
1999 1443 2241 1501 Graecam
2297 1446 2499 1518 Septua
2542 1448 2652 1503 inta
2698 1446 2901 1503 Senum
2952 1447 3483 1519 interpretationem,

228 1531 387 1590 quam
419 1521 574 1574 multi
611 1526 915 1590 temporum
937 1517 1137 1586 injuria
1173 1518 1516 1574 intercidisse
1546 1517 1972 1580 arbitrabantur,
1997 1531 2142 1570 unus
2179 1516 2376 1587 aliquis
2420 1517 2498 1571 He
2540 1520 2704 1584 raice,
2731 1517 2939 1586 Graece,
2970 1518 3269 1589 Latineque
3293 1522 3486 1577 ductus

227 1589 377 1643 tineis
432 1589 767 1659 trucibusque
809 1590 992 1643 blattis
1047 1599 1286 1659 ereptam
1315 1589 1598 1659 vulgaret;
1640 1588 1691 1642 id
1733 1601 1879 1641 nunc
1932 1586 2153 1640 demum
2209 1588 2511 1642 incredibili
2560 1602 2682 1643 mco
2732 1588 2950 1652 laetitiae,
2993 1600 3154 1659 atque
3191 1589 3486 1658 voluptatis

226 1674 388 1714 sensu
410 1659 713 1729 perfectum
740 1658 897 1715 video
927 1660 999 1713 ci.
1025 1661 1127 1715 viri
1159 1674 1343 1729 opera,
1381 1660 1607 1730 quinon
1645 1656 1810 1711 modo
1842 1655 2086 1711 Graecam
2122 1657 2369 1712 eamdem
2415 1657 2729 1713 Versionem
2783 1657 3035 1713 Latinam
3077 1659 3193 1714 lieri
3229 1660 3484 1725 curavit,

228 1727 321 1784 sed
347 1730 577 1800 egregiis
603 1730 765 1784 etiam
798 1729 1091 1783 illustravit
1115 1729 1597 1795 adnotationibus;
1637 1727 1833 1795 hisque
1866 1725 2077 1782 addidit
2130 1728 2571 1794 DissertationeS,
2610 1744 2843 1798 quarum
2890 1730 3005 1785 haec
3036 1738 3121 1784 est
3162 1727 3485 1798 inscriptio,

228 1797 480 1868 Apologia
531 1796 818 1854 Sententia!
881 1796 1108 1853 Patriam
1166 1800 1230 1852 de
1281 1797 1791 1870 Septaayintam'rali
1827 1795 2097 1851 versione.
2147 1794 2204 1850 ld
2251 1813 2352 1868 ego
2387 1806 2496 1852 tam
2525 1799 2844 1868 praeclarum
2906 1814 3045 1869 opus
3074 1814 3105 1853 a
3133 1797 3270 1854 Rmo
3296 1799 3357 1854 P.
3389 1797 3482 1855 Fr.

229 1862 437 1922 'rhama
462 1868 766 1939 Augustino
796 1868 1077 1925 Ricchinio
1107 1869 1257 1925 Sacri
1287 1869 1476 1924 Palatii
1514 1866 1809 1939 Apostolici
1859 1864 1944 1920 Ma
1984 1867 2121 1921 istro
2171 1866 2380 1936 jussuS,
2427 1868 2711 1936 diligenter
2734 1868 2874 1938 legi;
2906 1884 3140 1939 cumque
3171 1867 3488 1924 ortltodoxae

229 1935 509 2003 doctrinae,
559 1947 831 2014 rectaeque
880 1954 1093 1993 morum
1158 1939 1492 1994 institutioni
1538 1951 1863 2000 consonum,
1920 1950 2249 2005 penumque
2300 1937 2681 1994 reconditioris
2743 1938 3090 2005 eruditionis,
3140 1954 3206 1993 ac
3259 1939 3487 2008 proinde

230 2005 411 2134 gigig.
429 2007 650 2134 chffsi
675 2024 796 2092 suo,
830 2017 884 2065 et
912 2007 1172 2064 Ecclesiae
1223 2008 1509 2064 catholicae
1545 2007 1764 2061 utilitati
1796 2015 1961 2075 atque
2005 2016 2328 2061 ornamento
2377 2006 2645 2074 futurum,
2693 2009 3083 2078 perspexerim,
3113 2009 3335 2081 dignum
3369 2009 3489 2067 luce

230 2090 265 2146 p
386 2092 450 2134 ca
483 2094 543 2150 Ju
590 2094 748 2134 tcavt.

579 2166 789 2224 Dabam
820 2166 1010 2224 Romae
1040 2168 1098 2223 in
1132 2167 1395 2225 Coenobio
1425 2166 1484 2223 S.
1510 2164 1696 2222 Mariae
1719 2180 1843 2237 sup.
1873 2164 2105 2223 Minerv.
2137 2183 2214 2223 xn
2246 2167 2368 2225 Kal.
2403 2166 2527 2224 Oct.
2552 2169 2712 2225 1771.

1795 2278 1893 2334 Fr.
1922 2281 2154 2339 Thomas
2185 2285 2362 2341 Maria
2392 2287 2723 2346 Mamaclu‘tts
2767 2291 2899 2348 Ord.
2933 2292 3166 2351 Proedt‘c.

2135 2357 2420 2429 Tltcoloyus
2453 2358 2850 2418 casanatensis.

284 2603 363 2670 [ln
397 2604 684 2656 recudendo
705 2602 1164 2669 septuagintavirali
1206 2612 1260 2655 et
1312 2605 1671 2658 Theodotiouis
1713 2615 1857 2660 textu
1895 2617 2025 2661 tanta
2065 2625 2176 2661 cum
2219 2610 2469 2675 religione
2512 2612 2786 2665 editionem
2819 2616 3084 2667 Romanam
3110 2614 3255 2679 sequi
3281 2616 3488 2681 placuit.

223 2664 833 2794 ἓδιέἓίιδξξουρῦξηῇἰιίοεα
875 2674 1133 2730 apparent,
1176 2669 1478 2730 parcendum
1514 2681 1626 2718 esse
1669 2671 2033 2723 censuerimus.
2081 2673 2186 2724 Hac
2223 2675 2287 2724 de
2333 2687 2388 2725 re
2432 2677 2673 2726 lectorem
2706 2676 3015 2729 benevolum
3057 2680 3216 2729 semel
3240 2693 3489 2735 monuisse

657 2866 1292 3005 AANIHA
1645 2797 1652 2807 ⁸
2422 2890 2949 3005 DANIEL
3034 2996 3041 3002 ,

571 3115 877 3204 ΚΑΤΑ
946 3118 1240 3206 ΤΟΥΣ
1314 3118 1455 3203 Ο.
2342 3128 2743 3208 JUXTA
2821 3132 3087 3218 LXX.

750 3301 1154 3356 ΚΕΦΑΛΑῙΟΝ
1209 3301 1288 3354 Λ’.
1833 3306 1881 3364 Δ
2550 3304 2780 3363 CAPUT
2832 3305 2874 3360 Ι.

297 3394 352 3448 t.
399 3394 525 3447 Ἐπὶ
570 3391 840 3463 βασιλέως
892 3393 1146 3464 Ὶωακεὶμ
1198 3394 1298 3463 τῆς
1349 3392 1609 3456 Ἰουδαίας
1654 3391 1807 3455 ἔτους
1981 3392 2035 3447 1.
2068 3390 2181 3448 Sub
2212 3392 2418 3451 Jo'acim
2458 3410 2582 3468 rege
2626 3396 2827 3455 Judaeae
2871 3414 3016 3454 anuo
3048 3401 3207 3457 tertio
3235 3416 3358 3458 cum
3387 3403 3490 3460 ad·

225 3485 416 3558 τρίτου
444 3484 888 3557 παραγενόμενος
916 3485 1386 3557 Ναὸουχοδονόοορ
1420 3483 1672 3555 βασιλεὺς
1703 3485 1809 3538 Βα-
1909 3484 2150 3541 venisset
2180 3484 2677 3546 Nabuchodonosor
2713 3507 2807 3547 rex
2843 3491 3134 3566 Babylonis
3168 3496 3221 3549 iu
3266 3494 3492 3555 Jerusa-

231 3577 474 3640 δυλῶνος
495 3579 580 3640 εἰς
618 3576 972 3649 Ἰερουσαλὴμ
1000 3577 1306 3650 ἐπολιόρκει
1333 3578 1526 3649 αὐτήν.
1908 3575 2037 3642 lem,
2066 3578 2348 3635 obsidebat
2374 3596 2515 3636 earn.

302 3667 359 3723 2.
391 3667 502 3722 Καὶ
536 3666 853 3741 παρέδωκεν
876 3667 1044 3741 αὐτὴν
1075 3669 1278 3742 Κύριος
1303 3671 1382 3733 εἰς
1407 3672 1596 3742 χεῖρας
1619 3668 1807 3734 αὐτοῦ,
1977 3672 2035 3727 2.
2074 3673 2141 3731 Et
2178 3674 2402 3731 tradidit
2443 3691 2563 3732 eam
2606 3675 2875 3735 Dominus
2913 3678 2968 3734 in
3020 3695 3218 3735 manus
3251 3680 3407 3754 eins,
3435 3692 3491 3739 et

231 3759 329 3813 καὶ
377 3759 631 3832 Ἰωακεὶμ
659 3760 750 3814 τὸν
776 3759 1001 3831 βασιλέα
1031 3762 1130 3833 τῆς
1172 3761 1429 3826 Ἰουδαίας
1452 3803 1468 3829 ,
1513 3760 1610 3815 καὶ
1644 3761 1806 3833 μέρος
1907 3764 2117 3823 Joacim
2144 3782 2324 3838 regem
2358 3766 2592 3837 Judaeae,
2624 3777 2680 3826 et
2725 3779 2933 3840 partem
2962 3772 3256 3841 quamdam
3298 3787 3488 3827 sacro·

229 3867 286 3904 τι
308 3850 420 3904 τῶν
441 3850 604 3922 ιερῶν
624 3850 836 3905 σκευῶν
860 3850 955 3905 τοῦ
977 3852 1206 3924 Κυρίου,
1224 3853 1319 3907 καὶ
1339 3853 1651 3925 ἀπήνεγκεν
1671 3851 1811 3905 αὐτὰ
1911 3873 2035 3913 rum
2084 3873 2344 3915 vasorum
2387 3858 2624 3927 Domini,
2661 3869 2717 3914 et
2746 3861 3045 3930 asportavit
3076 3876 3141 3916 ea
3180 3864 3232 3916 in
3261 3862 3492 3935 Babylo-

230 3945 314 4008 εἰς
335 3943 627 3999 Βαδυλῶνα
649 3946 730 4009 εἰς
757 3947 860 4018 γῆν
891 3945 1102 4018 Σεναὰρ
1131 3948 1210 4011 εἰς
1238 3941 1390 4000 οἷκον
1432 3944 1529 4000 τοῦ
1561 3943 1687 3997 θεοῦ
1712 3944 1814 3998 αὐ·
1912 3948 2035 4005 u'em
2066 3950 2123 4005 in
2171 3961 2370 4006 terram
2406 3950 2612 4007 Senaar
2642 3950 2696 4004 in
2736 3951 2961 4006 domum
2996 3952 3084 4007 dei
3119 3953 3206 4008 sui
3251 3967 3307 4008 et
3340 3965 3489 4019 vasa,

230 4042 328 4097 τοῦ
343 4037 401 4116 s.
433 4044 529 4098 καὶ
568 4042 638 4098 τὰ
671 4043 844 4114 σκεύη
870 4043 928 4114 l.
956 4044 1053 4098 καὶ
1099 4042 1439 4113 ἀπηρείσατο
1475 4039 1614 4094 αὐτὰ
1646 4041 1706 4094 ἐν
1734 4037 1813 4108 τῷ
1912 4050 1967 4096 et
2001 4040 2291 4097 collocavit
2322 4056 2385 4097 ea
2412 4042 2470 4098 in
2505 4042 2706 4111 templo
2737 4040 2871 4098 idoli
2900 4042 3010 4098 sui.

229 4133 488 4206 αῑδωλείῳ
508 4134 697 4190 αὐτου.

304 4223 359 4278 5.
389 4223 498 4276 Καὶ
522 4220 674 4276 εἶπεν
710 4223 740 4275 δ
767 4222 1023 4291 βασιλεὺς
1072 4219 1344 4291 Ἀΰιεσδρὶ
1380 4218 1460 4286 τῷ
1491 4216 1686 4272 ἑαυτοῦ
1712 4218 1814 4289 ἀρ·
1987 4222 2040 4277 5.
2087 4221 2155 4277 Et
2188 4222 2324 4278 dixit
2356 4238 2449 4280 rex
2481 4223 2732 4281 Abiesdri
2778 4225 3009 4296 principi
3056 4242 3280 4284 suorum
3314 4247 3491 4290 cunu-

231 4311 554 4386 χιευνούχῳ,
580 4312 808 4381 ἀγαγεῖν
843 4312 991 4383 αὐτῷ
1024 4313 1087 4365 ὲκ
1115 4310 1222 4364 τῶν
1251 4307 1385 4362 υἱῶν
1415 4306 1524 4361 τῶν
1559 4305 1817 4375 μεγιστά·
1916 4314 2170 4380 chorum,
2196 4324 2254 4369 ut
2278 4314 2571 4372 adduceret
2596 4317 2697 4373 sibi
2719 4316 2788 4373 de
2811 4317 2939 4375 filiis
2958 4320 3278 4391 optimatum
3302 4322 3489 4386 lsrael.

231 4419 345 4457 των
367 4401 463 4457 τοῦ
505 4400 741 4472 Ἰσραὴλ,
771 4402 868 4456 καὶ
911 4402 975 4454 ἐκ
1012 4399 1109 4456 τοῦ
1150 4396 1430 4469 βασιλικοῦ
1466 4397 1657 4467 γένους
1676 4436 1691 4462 ,
1723 4396 1819 4450 καὶ
1917 4412 1973 4458 et
2002 4404 2071 4460 (ιο
2097 4406 2246 4476 regio
2273 4406 2481 4462 semine
2498 4447 2515 4475 ‚
2545 4415 2600 4464 et
2624 4407 2691 4465 (ιο
2720 4409 2928 4477 electis,

236 4491 1045 4654 ὲκςῗωιζὲῗξὶίῖῖῗὲμὼμους,
1066 4580 1162 4635 καὶ
1199 4579 1441 4644 evasae,
1468 4579 1563 4632 καὶ
1593 4577 1821 4647 &mo-ffi-
1990 4566 2046 4622 ὁ.
2101 4567 2582 4638 Adolesoentulos,
2633 4571 3047 4641 immaculatos,
3101 4584 3156 4630 et
3213 4576 3490 4645 speciosos

239 4693 412 4751 μονας
434 4678 493 4734 ἐν
514 4676 665 4750 πάσῃ
710 4674 874 4747 σοφιᾳ
900 4715 916 4742 ‚
952 4675 1047 4728 mi,
1076 4671 1527 4745 γραμματικοὺς,
1563 4669 1658 4725 καὶ
1688 4686 1816 4723 συν-
1849 4647 1893 4704 Β
1922 4656 2118 4727 forma,
2140 4667 2194 4714 et
2220 4661 2420 4729 peritos
2443 4662 2496 4716 in
2522 4662 2672 4717 omni
2703 4663 2972 4733 sapientia
2999 4665 3281 4737 literisque
3305 4668 3494 4724 excul-

237 4770 416 4836 πρὸς,
459 4768 558 4823 καὶ
586 4767 805 4838 σοφοὺς,
848 4765 945 4821 χαι
991 4763 1295 4836 ισχύουτας,
1316 4761 1457 4816 ὥστε
1484 4756 1624 4815 εἶναι
1651 4761 1710 4816 ὲν
1738 4759 1818 4831 τῷ
1923 4758 2011 4806 tos
2029 4787 2044 4815 ,
2076 4757 2131 4805 et
2161 4750 2556 4824 intelligentes,
2597 4762 2652 4809 et
2679 4755 2954 4824 sapientes
2976 4797 2992 4822 ,
3021 4763 3077 4812 et
3107 4757 3398 4824 robustos,
3433 4768 3492 4814 ut

237 4860 374 4929 οῑκῳ
403 4859 498 4914 τοῦ
532 4858 797 4932 βασιλέως
819 4896 836 4923 ,
866 4856 963 4911 καὶ
1011 4854 1220 4923 διδάξαι
1255 4853 1452 4917 αὐτοὺς
1492 4851 1814 4924 γράμματα,
1921 4852 2108 4899 essem
2134 4842 2189 4898 in
2221 4843 2384 4899 domo
2413 4846 2577 4916 regis,
2604 4855 2659 4902 et
2684 4846 2900 4903 doceret
2931 4862 3028 4903 eos
3054 4847 3261 4918 literas,
3290 4859 3346 4906 et
3372 4850 3490 4907 dia·

240 4946 337 4999 καὶ
361 4946 638 5003 διάλεκτος,
665 4945 996 5015 Χαλδαῑκήυ.
1923 4934 2122 4991 lectum
2154 4935 2526 4994 Chaldaicam.

315 5038 368 5093 5.
411 5038 519 5092 Kal.
550 5038 787 5092 δίδοσθαι
832 5039 1016 5101 αὐτοῖς
1042 5035 1259 5091 ἔκθεσιν
1301 5036 1366 5089 ὲκ
1403 5032 1497 5088 τοῦ
1540 5031 1691 5086 οἴκου
1722 5030 1817 5084 τοῦ
1995 5024 2049 5080 5.
2092 5026 2269 5098 thue
2316 5028 2537 5084 daretur
2569 5030 2687 5095 eis,
2726 5029 2873 5103 quod
2913 5030 3229 5087 mandatum
3278 5040 3396 5088 erat
3425 5047 3491 5090 ex

245 5128 509 5203 βασιλέως
540 5128 662 5184 καθ’
695 5127 934 5199 εκάστην
963 5127 1197 5200 ἡμέραν,
1226 5126 1321 5181 καὶ
1348 5125 1459 5180 ἀπὸ
1480 5127 1580 5197 τῆς
1610 5122 1818 5194 βασιλι-
1922 5116 2089 5173 domo
2113 5120 2259 5191 regis
2287 5135 2384 5191 per
2404 5121 2650 5192 singulos
2672 5122 2813 5189 dies,
2848 5123 2991 5179 etde
3024 5123 3171 5195 regia
3200 5139 3409 5196 mensa,
3439 5133 3490 5182 et

243 5222 350 5293 κῆς
374 5218 654 5293 τραπέζης
672 5260 689 5286 ,
723 5219 817 5272 καὶ
855 5219 965 5273 ἀπὸ
1004 5216 1098 5271 τοῦ
1126 5216 1293 5284 οἴνου,
1320 5211 1382 5273 οὗ
1419 5216 1563 5271 πίνει
1603 5218 1633 5269 ὀ
1664 5216 1819 5287 βασι-
1924 5210 1993 5266 de
2020 5211 2166 5277 vino,
2195 5212 2337 5283 quod
2359 5212 2496 5268 bibit
2519 5227 2635 5278 rex,
2657 5225 2711 5270 et
2732 5215 2973 5272 erudiret
2995 5230 3091 5272 eos
3117 5217 3292 5274 tribus
3311 5218 3497 5285 annia·

241 5313 392 5379 λεὺς,
419 5314 513 5369 καὶ
544 5309 901 5368 exauratam
939 5309 1138 5376 αὐτοὺς
1159 5310 1254 5382 ἔτη
1299 5308 1446 5382 τρία,
1473 5309 1570 5363 καὶ
1606 5309 1671 5361 ὲκ
1696 5305 1821 5361 τοῦ·
1923 5301 2224 5373 deindeque
2260 5311 2468 5372 starent
2498 5304 2553 5359 in
2584 5314 2883 5376 conspectu
2922 5304 3086 5375 regie.

239 5423 355 5462 των
392 5406 587 5478 στῆσαι
615 5401 927 5476 ἔμπροσθεν
952 5401 1048 5457 τοῦ
1075 5399 1357 5475 βασιλέως.

318 5499 375 5556 6.
405 5499 517 5556 Καὶ
533 5494 673 5571 ἦσαν
693 5497 760 5552 ἐκ
775 5495 872 5550 τοῦ
899 5494 1090 5567 γένους
1115 5493 1224 5550 τῶν
1267 5493 1399 5548 υἱῶν
1448 5493 1667 5567 Ἰσραὴλ
1709 5491 1819 5549 τῶν
1848 5514 1895 5578 c
1996 5486 2051 5544 6.
2106 5485 2173 5544 Et
2197 5485 2421 5543 suerunt
2435 5486 2502 5542 de
2525 5501 2722 5559 genere
2746 5485 2980 5544 tiliorum
3011 5486 3196 5553 lsrael,
3220 5487 3506 5559 quierant

243 5592 358 5649 ἀπὸ
380 5590 482 5663 τῆς
517 5589 798 5656 Ἰουδαίας,
826 5589 1047 5663 Δανιὴλ,
1084 5587 1354 5656 Ἀνανίας,
1376 5585 1617 5660 Μισαὴλ,
1663 5585 1824 5650 Ἀζα·
1929 5578 2001 5638 de
2027 5578 2233 5647 sudaea,
2262 5578 2472 5649 Daniel,
2499 5578 2763 5648 Ananias,
2797 5578 3004 5649 ssisael,
3034 5578 3280 5637 Azarias.

252 5686 395 5761 ρίας.
