3967 6217
351 325 509 392 3259

1439 326 1737 388 CONTRA
1773 325 2138 387 HAERESES
2165 327 2311 387 LIB.
2342 327 2444 391 VI.

3462 330 3604 396 3260

355 438 463 492 καὶ
492 432 831 506 ἐπαναχὲων,
862 432 1226 505 ἀναλυόμενον
1267 431 1309 464 ⁸⁷
1344 434 1439 488 τοῦ
1486 437 1781 509 φαρμάκου
1832 437 1937 492 ὑπὸ
1966 456 2014 509 Δ
2043 448 2327 509 postquam
2362 435 2618 506 sublevit,
2657 435 2818 507 idque
2847 445 3101 508 tanquam
3130 439 3262 497 nihil
3288 440 3415 497 insit
3444 457 3600 499 mon·

357 529 467 598 τῆς
497 525 593 580 τοῦ
624 524 792 598 ὑγροῦ
817 524 1037 597 μίξεως,
1060 523 1213 588 ὄντος
1241 522 1521 594 φυσώδους
1544 566 1560 590 ,
1596 526 1936 599 πλεονασμὸς

356 618 460 673 τοῦ
494 617 838 690 κεράσματος
872 617 1087 685 ἐγίνετο
1129 614 1224 671 καὶ
1261 617 1357 671 ἐπὶ
1386 615 1642 671 τοσοῦτον
1684 617 1935 689 ηῦξανεν,

358 706 425 771 ἐς
468 707 591 762 ὅσον
634 706 1103 776 ἐπαναχυνόμενον
1151 706 1413 772 ἐκινεῖτο,
1465 706 1723 776 τοιαύτης
1768 707 1936 780 οὔσης

361 798 467 868 τῆς
490 795 582 852 τοῦ
616 795 905 868 φαρμάκου
941 796 1179 868 φύσεως·
1205 795 1235 851 δ
1268 799 1317 852 εί
1340 797 1594 853 ἀπόθοιτό
1621 798 1668 831 ⁸⁸
1689 816 1773 864 τις
1796 800 1937 871 πλη-

363 886 561 959 ρωθὲν,
595 886 711 958 μετ’
734 886 797 941 οὺ
826 886 962 943 πολὺ
998 888 1078 951 είς
1104 886 1165 941 τὸ
1197 887 1340 942 κατὰ
1362 889 1521 959 φύσιν
1550 890 1746 962 μέτρον
1774 891 1939 946 πάλιν

359 979 730 1050 τραπήσεται,
747 979 849 1051 τῆς
870 979 965 1033 τοῦ
989 981 1283 1053 φαρμάκου
1308 980 1590 1052 δυνάμεως
1618 981 1939 1054 σδεσθείσης

358 1072 431 1142 τῇ
454 1069 547 1124 τοῦ
581 1068 752 1142 ὑγροῦ
781 1074 1098 1143 παραμονῇ.
1130 1071 1223 1128 Διὸ
1257 1072 1395 1144 μετὰ
1423 1073 1661 1144 σπουδῆς
1688 1075 1802 1138 τοῖς
1833 1090 1940 1127 πα-

363 1159 523 1232 ροῦσι
552 1160 868 1232 προσεδίδου
905 1161 1099 1228 πίνειν,
1144 1164 1193 1216 οί
1236 1162 1293 1216 δὲ
1321 1161 1397 1225 ώς
1431 1162 1572 1218 θεῖόν
1606 1181 1660 1231 τι
1708 1166 1801 1218 καὶ
1831 1165 1938 1237 θεῷ

367 1252 809 1324 μεμελετημένον
832 1253 1149 1327 φρίσσοντες
1170 1253 1286 1325 ἅμα
1323 1255 1418 1309 καὶ
1456 1250 1777 1320 σπεύδοντες
1814 1255 1938 1311 ἔπι-

363 1359 478 1399 νον.

441 1432 519 1506 [p.
554 1432 842 1508 201-205.]
865 1440 976 1505 μα’.
994 1435 1305 1492 Τοιαῦταδέ
1325 1437 1419 1491 καὶ
1440 1437 1604 1509 ἐτερα
1638 1436 1936 1509 ἐπεχείρει,

362 1529 394 1581 δ
424 1526 621 1591 πλάνος
646 1529 840 1582 ποιεῖν·
864 1527 944 1582 διὸ
973 1527 1080 1581 ὑπὸ
1097 1526 1208 1582 τῶν
1233 1527 1613 1600 ἀπατωμένων
1636 1529 1938 1595 ἐδοξάζετο,

365 1618 464 1671 καὶ
509 1618 643 1671 ποτὲ
669 1617 714 1650 “
752 1617 915 1682 αὐτὸς
951 1617 1235 1690 ἐνομίζετο
1266 1619 1656 1690 προφητεύειν,
1701 1620 1833 1674 ποτὲ
1881 1620 1939 1674 δέ

366 1710 466 1762 καὶ
492 1707 710 1779 ἐτέρους
738 1709 912 1763 ἐποίει
930 1748 949 1773 ,
982 1710 1073 1764 ὅτε
1112 1709 1210 1781 μὲν
1239 1711 1332 1766 καὶ
1358 1712 1446 1766 διά
1469 1713 1738 1784 δαιμόνων
1769 1711 1939 1767 ταῦτα

2041 530 2256 595 stravit,
2287 537 2343 584 et
2381 526 2572 584 affudit
2597 543 2667 584 ex
2710 529 2920 584 minore
2951 539 3007 586 ct
3040 545 3230 587 rursus
3262 531 3473 598 affudit,
3508 547 3601 586 re-

2042 616 2219 671 soluto
2253 632 2350 687 per
2397 607 2676 672 misturam
2734 617 2944 674 humidi
2992 620 3388 677 medicamento
3418 630 3604 690 utpote

2040 706 2316 780 ssatuosot
2365 706 2660 764 abundavit
2703 709 2931 763 mistura
2956 722 3013 765 et
3058 710 3112 765 in
3149 719 3356 765 tantum
3406 711 3602 774 crevit,

2043 798 2096 852 in
2117 809 2378 867 quantum
2410 798 2462 853 id
2494 798 2638 869 quod
2671 798 2905 856 affusum
2936 810 3022 857 est
3052 800 3412 868 movebatur,
3455 817 3602 869 quo-

2043 889 2186 944 niam
2222 890 2324 946 ista
2376 900 2461 946 est
2517 890 2897 948 medicamenti
2941 900 3154 947 natura.
3200 891 3354 959 Quod
3390 892 3436 947 si
3480 891 3609 962 quis

2039 989 2287 1051 seponat,
2332 998 2438 1039 non
2485 983 2653 1039 multo
2683 969 2805 1054 post
2844 984 2899 1038 in
2939 982 3241 1039 naturalem
3292 981 3605 1039 mensu‘ram

2040 1085 2231 1126 rursus
2254 1071 2445 1139 abibit,
2470 1072 2850 1128 medicamenti
2894 1073 2945 1128 vi
2972 1074 3240 1130 exstincta
3271 1073 3479 1129 humidi
3523 1088 3611 1128 re·

2044 1159 2343 1217 mansione.
2386 1160 2511 1218 ideo
2542 1172 2899 1233 properanter
2939 1164 3006 1220 iis
3030 1164 3119 1234 qui
3150 1164 3379 1220 aderant
3404 1162 3612 1234 praebe-

2043 1248 2132 1303 bat
2156 1260 2366 1320 potum,
2403 1252 2478 1306 illi
2500 1260 2678 1306 autem
2719 1261 2974 1323 tanquam
3000 1253 3242 1310 divinum
3269 1254 3525 1325 quiddam
3556 1263 3612 1309 et

2040 1339 2151 1397 Deo
2176 1344 2491 1399 meditatum
2520 1344 2805 1399 horrentes
2826 1345 2985 1400 simul
3003 1355 3056 1400 et
3075 1357 3299 1403 aventes
3325 1346 3603 1402 bibebant.

2109 1429 2455 1503 300·301
2514 1432 2604 1486 tt.
2654 1431 2806 1508 Talia
2870 1447 2999 1487 vero
3053 1442 3106 1488 et
3159 1435 3262 1489 alia
3312 1434 3615 1490 conabatur

2041 1523 2401 1593 pra-stigiator
2437 1522 2525 1576 illc
2575 1523 2775 1587 iacere,
2817 1534 3149 1595 quapropter
3182 1524 3235 1579 in
3263 1538 3448 1580 eorum
3477 1537 3616 1594 quos

2040 1613 2250 1681 decepit
2283 1612 2646 1668 admiratione
2678 1623 2816 1680 erat,
2860 1623 2916 1669 et
2943 1615 3235 1685 aliquando
3280 1614 3395 1683 ipse
3426 1613 3619 1670 crede·

2041 1703 2205 1758 batur
2246 1702 2553 1767 vaticinari,
2611 1703 2901 1773 aliquando
2950 1712 3129 1759 autem
3175 1713 3230 1759 et
3275 1702 3410 1759 alios
3455 1702 3617 1759 insti·

369 1798 634 1868 ἐνεργῶν,
677 1799 769 1852 ὅτε
814 1798 871 1852 δὲ
920 1800 1014 1854 καὶ
1065 1799 1332 1865 κυδεύων,
1391 1801 1402 1872 Ι
1472 1801 1547 1865 ὡς
1585 1802 1941 1873 προείπομεν.
1973 1788 2017 1843 Β
2049 1796 2253 1861 tuebat,
2321 1810 2444 1850 cum
2500 1803 2612 1849 tum
2665 1810 2760 1863 per
2805 1796 3078 1851 dte-moues
3128 1796 3242 1850 boec
3305 1794 3616 1866 peragebat,

369 1886 607 1953 Πολλοὺς
636 1888 687 1921 '⁸
713 1888 891 1945 τοίνυν
914 1890 1267 1962 ἐξαφανίσας,
1290 1893 1386 1947 καὶ
1415 1892 1642 1957 πολλοὺς
1669 1891 1945 1957 τοιούτους

373 1978 625 2051 μαθητάς
688 1980 855 2035 αὑτοῦ
904 1982 1230 2054 γινομένους
1280 1982 1642 2054 προεδίδασεν
1689 1983 1945 2051 εὐκόλους

374 2070 475 2141 μέν
507 2066 647 2124 εἶναι
688 2069 903 2137 διδάξας
934 2071 1070 2144 πρὸς
1115 2074 1175 2127 τὸ
1217 2074 1574 2146 ἁμαρτάνειν,
1628 2074 1945 2138 ἀκινδύνους

369 2163 429 2218 δὲ
460 2163 548 2218 διά
578 2163 638 2218 τδ
659 2159 796 2219 εἶναι
817 2163 865 2196 ⁸²
892 2164 994 2234 τῆς
1023 2164 1237 2227 τελείας
1264 2165 1545 2236 δυνάμεως
1570 2166 1665 2220 καὶ
1700 2167 1945 2238 μετέχειν

370 2253 473 2324 τῆς
501 2253 817 2326 ἀνεννοήτου
854 2251 1100 2318 ἐξουσίας
1118 2271 1133 2287 ·
1172 2247 1255 2318 οἷς
1282 2255 1377 2309 καὶ
1407 2254 1545 2324 μετὰ
1569 2254 1632 2308 τὸ
1662 2254 1945 2325 βάπτισμα

371 2342 562 2414 ἓτερον
605 2341 1061 2413 ἐπαγγέλλονται,
1112 2343 1142 2398 ὃ
1192 2344 1447 2399 καλοῦσιν
1502 2346 1944 2414 ἀπολύτρωσιν,

372 2437 471 2492 καὶ
486 2437 545 2489 ἐν
572 2434 746 2505 τούτῳ
772 2434 1204 2506 ἀναστρέφοντες
1235 2433 1422 2500 κακῶς
1449 2436 1577 2500 τοὺς
1614 2435 1800 2499 αὐτοῖς
1838 2452 1945 2490 πα·-

375 2525 707 2598 ραμένοντας
736 2524 825 2579 ἐπ’
852 2525 1029 2580 ἐλπίδι
1065 2526 1163 2600 τῆς
1189 2525 1642 2599 ἀπολυτρώσεως,
1672 2526 1750 2593 ώς
1770 2527 1816 2561 ⁸⁸
1852 2526 1946 2582 δν·

371 2617 642 2688 ναμένους
688 2617 829 2688 μετὰ
856 2618 920 2673 τὸ
946 2617 1096 2685 ἀπαξ
1140 2617 1537 2689 βαπτισθέντας
1576 2618 1739 2675 πάλιν
1767 2620 1815 2653 ⁸³
1850 2637 1946 2673 τυ-

370 2709 488 2778 χεῖν
532 2707 800 2776 ἀφέσεως,
850 2705 940 2763 διὰ
984 2707 1081 2763 τοῦ
1104 2709 1153 2742 ⁸⁸
1196 2708 1440 2764 τοιούτου
1486 2710 1948 2783 πανουργήματος

373 2795 618 2867 συνέχειν
646 2794 861 2852 δοκοῦσι
892 2799 1019 2862 τοὺς
1046 2797 1355 2869 ἀκροατάς,
1384 2797 1476 2863 οὓς
1511 2799 1650 2853 ἐπάν
1682 2800 1947 2872 νομίσωσι

373 2885 756 2956 δεδοκιμάσθαι
786 2888 881 2941 καὶ
904 2887 1166 2942 δύνασθαι
1209 2887 1507 2960 φυλάσσειν
1543 2888 1725 2954 αὐτοῖς
1754 2887 1827 2943 τά
1856 2905 1948 2942 πι-

377 2976 503 3042 στά,
528 2978 649 3032 τότε
678 2978 774 3034 ἐπὶ
799 2977 958 3033 τοῦτο
979 2979 1172 3049 ἄγουσι
1201 2980 1334 3051 μηδὲ
1358 2980 1534 3051 τούτῳ
1560 2980 1708 3052 μόνῳ
1743 2979 1948 3051 ἀρκού·

2049 1897 2161 1941 tum
2215 1900 2345 1942 vero
2394 1894 2448 1940 et
2495 1886 2806 1957 praestigiis,
2874 1895 2933 1941 ut
2992 1886 3359 1955 praedixirnus.
3422 1885 3617 1941 Multos

2046 1978 2229 2047 igitur,
2264 1990 2402 2046 quos
2430 1977 2737 2048 deceperat,
2766 1977 3074 2048 multosque
3096 1977 3186 2048 qni
3207 1978 3343 2032 tales
3366 1975 3618 2051 discipuli

2046 2069 2165 2139 eius
2207 2069 2559 2134 exstiterunt,
2604 2070 2955 2139 promovebat
2984 2084 3188 2139 pronos
3236 2083 3358 2125 esse
3390 2069 3457 2124 ad
3492 2083 3619 2138 pec-

2046 2161 2277 2215 candum
2324 2159 2578 2224 edocens,
2633 2160 2905 2216 immunes
2953 2168 3133 2217 autem
3184 2160 3435 2231 periculi,
3489 2160 3616 2230 quia

2046 2250 2431 2323 profiterentur
2462 2250 2752 2320 perfectam
2801 2252 3055 2308 virtutem
3093 2261 3149 2307 et
3200 2252 3492 2322 participes
3523 2264 3615 2306 es·

2047 2351 2169 2400 sent
2224 2343 2791 2413 incomprehensibilis
2835 2345 3140 2414 potestatis.
3192 2342 3400 2411 Quibus
3453 2339 3616 2397 etiam

2048 2442 2168 2503 post
2214 2434 2540 2505 baptismum
2577 2433 2805 2490 alterum
2840 2433 3183 2504 pollicentur,
3214 2448 3376 2505 quam
3422 2437 3621 2487 vocant

2049 2524 2472 2593 redemptionem,
2499 2532 2555 2580 et
2577 2524 2633 2580 in
2659 2527 2763 2581 boc
2783 2524 2921 2581 male
2949 2534 3359 2597 corrumpentes
3387 2537 3504 2589 eos,
3526 2522 3619 2593 qui

2048 2613 2189 2684 apud
2240 2628 2299 2670 se
2352 2624 2731 2671 remanserunt
2775 2630 2870 2687 spe
2915 2616 3320 2687 redemptionis,
3366 2623 3618 2685 tanquam

2051 2705 2141 2775 qui
2173 2704 2344 2761 semel
2378 2705 2639 2776 baptizati
2671 2706 2725 2761 in
2750 2717 3034 2777 peccatum
3067 2709 3266 2778 relapsi
3295 2708 3471 2765 denuo
3499 2720 3621 2778 pos·

2049 2797 2162 2853 sint
2192 2796 2396 2853 absolvi
2436 2815 2451 2852 t
2487 2798 2580 2853 tali
2640 2798 2831 2854 fraude
2891 2799 3120 2855 attinere
3170 2798 3423 2855 videntur
3469 2797 3622 2853 audi·

2051 2895 2195 2942 tores
2253 2901 2404 2953 snos,
2452 2902 2591 2958 quos
2643 2888 2734 2943 ubi
2793 2890 3137 2944 arbitrantur
3188 2890 3445 2960 probatos
3500 2901 3624 2945 esse

2049 2991 2318 3048 posseque
2350 2977 2484 3048 ipsis
2533 2992 2731 3034 arcana
2787 2993 2882 3034 sua
2924 2979 3224 3044 custodire,
3253 2988 3365 3035 tum
3414 2993 3480 3035 eo
3529 2977 3625 3033 ad-

380 3083 555 3138 μενοι,
581 3066 721 3122 ἀλλά
743 3067 837 3121 καὶ
873 3067 1061 3139 ἕτερόν
1083 3085 1138 3123 τι
1165 3070 1627 3142 ἐπαγγελλόμενοι
1653 3071 1700 3104 ⁸⁸
1727 3070 1865 3141 πρὸς
1888 3070 1950 3124 τὸ
2056 3066 2278 3133 ducunt,
2307 3076 2362 3122 et
2387 3081 2453 3122 ne
2477 3068 2530 3123 in
2556 3083 2622 3124 eo
2643 3069 2860 3139 quidem
2882 3070 3313 3139 acquiescentes,
3343 3070 3435 3125 sed
3457 3068 3621 3125 etiam

379 3157 708 3229 συγκρατεϊν
736 3157 934 3219 αὐτοὺς
970 3161 1039 3230 τῇ
1076 3158 1284 3224 ἐλπίδι,
1314 3160 1464 3224 ὅπως
1500 3160 1794 3233 ἀχώριστοι
1822 3154 1947 3215 ὦσι.

374 3249 611 3319 Λέγουσι
637 3249 746 3320 γάρ
771 3267 826 3304 τι
854 3251 1005 3322 φωνῇ
1036 3250 1291 3323 ἀρρήτῳ,
1319 3251 1652 3314 ἐπιτιθέντες
1688 3253 1847 3323 χεῖρα
1874 3250 1952 3323 τῷ

374 3339 476 3410 τὴν
502 3339 879 3411 ἀπολύτρωσιν
904 3339 1146 3406 λαόόντι,
1189 3339 1219 3395 δ
1255 3344 1560 3411 φάσκουσιν
1581 3340 1818 3408 ἐξειπεῖν
1859 3342 1952 3394 εύ-

377 3429 551 3493 ιιόλως
588 3429 663 3502 μὴ
705 3429 1003 3498 δύνασθαι,
1032 3433 1083 3485 εἰ
1117 3431 1192 3504 μή
1233 3448 1319 3496 τις
1349 3432 1437 3505 εἴη
1484 3432 1882 3505 ὕπερδόκιμος,
1917 3430 1952 3503 ἢ

377 3521 468 3574 ὅτε
511 3521 737 3593 τελευτᾷ
777 3521 913 3591 πρὸς
941 3522 1005 3576 τὸ
1041 3517 1137 3586 οὕς
1175 3523 1348 3586 ἐλθὼν
1384 3523 1534 3594 λέγει
1563 3526 1592 3577 ὁ
1632 3524 1950 3588 ἐπίσκοπος.

380 3608 492 3665 ttat
525 3610 682 3665 τούτο
710 3611 775 3665 δὲ.
801 3612 1167 3686 πανούργημα
1205 3615 1344 3688 πρὸς
1388 3615 1450 3669 τὸ
1491 3614 1581 3669 ἀεὶ
1616 3616 1954 3687 παραμένειν

378 3703 505 3766 τοὺς
551 3701 800 3772 μαθητάς
831 3703 908 3775 τῷ
939 3705 1245 3778 ἐπισκόπῳ,
1277 3705 1635 3777 γλιχομένους
1665 3705 1856 3776 μαθεῖν
1889 3707 1954 3761 τὸ

379 3794 431 3847 τί
479 3811 612 3848 ποτε
650 3794 735 3867 εἴη
782 3795 941 3850 τοῦτο
1002 3795 1092 3850 ἐπ’
1128 3797 1371 3867 ἐσχάτων
1420 3795 1736 3867 λεγόμενον,
1784 3796 1852 3852 δι’
1889 3792 1953 3854 οὗ

382 3885 533 3958 [τῶν]
565 3888 611 3918 ⁸⁸
639 3887 861 3942 τελείων
901 3888 1058 3942 ἔσται
1089 3889 1118 3942 ὁ
1152 3889 1459 3961 μανθάνων·
1499 3887 1536 3943 ἀ
1562 3888 1754 3942 τούτου
1793 3889 1953 3961 χάριν

378 3975 680 4048 ἐσιώπησα,
715 3980 789 4049 μή
824 3978 957 4032 ποτέ
989 3995 1074 4042 τις
1116 3976 1541 4049 κακοηθίζεσθαί
1565 3977 1609 4009 ⁸⁷
1653 3993 1723 4046 με
1755 3978 1952 4041 αὐτοὺς

2054 3156 2195 3213 aliud
2219 3158 2472 3227 quiddam
2503 3158 2819 3227 pollicentes
2863 3160 2930 3214 ad
2975 3160 3094 3216 illos
3137 3176 3232 3231 spe
3281 3160 3621 3226 mulcendos,

2053 3254 2113 3301 ut
2144 3248 2198 3302 in
2228 3257 2546 3318 perpetuum
2603 3248 2929 3304 vinciantur.
2983 3249 3305 3321 Loquuntur
3346 3252 3490 3306 enim
3525 3249 3626 3306 ali·

2053 3337 2180 3408 quid
2212 3351 2342 3393 voce
2381 3352 2582 3394 arcana
2615 3353 2776 3392 manu
2805 3339 3055 3409 imposita
3087 3342 3137 3396 ei
3172 3341 3264 3411 qui
3297 3341 3626 3411 redemptio·

2054 3445 2174 3484 nem
2196 3430 2430 3499 act-epit,
2455 3431 2596 3499 quod
2619 3430 2772 3485 aiunt
2799 3446 2858 3486 se
2887 3431 3045 3488 facile
3080 3432 3262 3502 eloqui
3303 3447 3410 3489 non
3444 3448 3623 3505 posse,

2054 3521 2156 3576 nisi
2184 3520 2374 3591 siquis
2426 3521 2500 3577 sit
2547 3522 2917 3592 maximopere
2970 3524 3251 3592 probatus,
3282 3532 3377 3580 aut
3406 3525 3625 3594 quando

2057 3613 2338 3682 moriatur,
2367 3612 2420 3667 in
2460 3628 2642 3669 aurem
2695 3614 3001 3671 insusurret
3061 3615 3368 3689 episcopus.
3412 3615 3480 3671 Et
3508 3616 3628 3672 baec

2052 3719 2183 3759 vero
2214 3703 2362 3760 fraus
2406 3718 2471 3760 eo
2507 3713 2737 3775 spectat,
2786 3714 2844 3760 ut
2873 3714 3135 3777 perpetuo
3176 3715 3496 3763 remaneant
3539 3707 3628 3762 di-

2052 3796 2245 3866 scipuli
2276 3797 2416 3867 apud
2459 3797 2794 3870 episcopum,
2828 3809 3052 3854 aventes
3077 3800 3311 3864 discere,
3347 3799 3475 3868 quid
3501 3808 3624 3853 tan·

2054 3892 2174 3944 dem
2206 3889 2279 3943 sit
2312 3887 2440 3942 illud
2478 3889 2619 3958 quod
2672 3889 2725 3944 in
2765 3898 3009 3944 extremo
3051 3889 3333 3959 prodatur,
3359 3904 3466 3960 quo
3499 3904 3627 3961 per-

2054 3988 2211 4046 cepto
2243 3978 2295 4030 in
2331 3978 2573 4032 ordinem
2611 3978 2976 4047 perfectorum
3012 3979 3273 4035 evehatur
3307 3978 3625 4050 discipulus.

376 4071 607 4144 νομίσῃ,
635 4071 730 4123 καὶ
758 4070 868 4141 γὰρ
900 4069 960 4123 οὐ
991 4068 1151 4123 τοῦτο
1174 4070 1305 4139 ἡμῖν
1332 4068 1651 4139 πρόκειται,
1687 4065 1801 4119 ἀλλ’
1829 4067 1863 4136 ἢ
1894 4066 1957 4121 τὸ
2057 4067 2187 4131 Quae
2209 4081 2328 4121 eam
2355 4066 2425 4121 ob
2451 4081 2672 4121 causam
2723 4067 2956 4135 tramisi,
2986 4084 3053 4124 ne
3086 4069 3208 4140 quis
3252 4086 3340 4127 me
3380 4072 3486 4128 illis
3526 4076 3629 4129 ob-

376 4161 579 4228 δεῖξαι,
609 4161 732 4216 ὅθεν
751 4160 849 4224 τὰς
874 4159 1132 4230 ἀφορμὰς
1156 4157 1411 4221 λαὸόντες
1434 4156 1618 4220 αὐτοῖς
1637 4155 1706 4210 τὰ
1731 4156 1957 4224 δόξαντα
2061 4162 2296 4210 trectare
2319 4153 2616 4209 arbitretur
2637 4171 2654 4222 ς
2683 4156 2884 4211 etenim
2927 4172 3032 4214 non
3080 4158 3187 4214 hoc
3233 4159 3389 4217 nobis
3429 4176 3629 4233 propo·

380 4251 745 4323 ἐνεστήσαντο
773 4250 840 4305 ⁸⁸.

447 4428 551 4499 '⁶3‘-
587 4428 699 4481 Καὶ
739 4428 848 4497 γάρ
879 4428 977 4481 καὶ
1002 4427 1031 4481 ὁ
1063 4425 1331 4500 μακάριος
1372 4425 1743 4499 πρεσδύτερος
1783 4427 1951 4499 Εἰρη-

2058 4246 2218 4300 situm
2272 4257 2377 4312 est,
2428 4257 2787 4317 praeterquam
2839 4249 3144 4317 ostendere,
3202 4251 3346 4308 unde
3401 4252 3626 4323 profecti

2059 4336 2260 4407 placita
2284 4352 2379 4392 sua
2407 4337 2770 4394 condiderint.

2131 4426 2226 4482 ΑΞ.
2251 4427 2459 4484 Etenim
2503 4439 2558 4484 et
2591 4429 2784 4484 beatus
2828 4432 3112 4503 presbyter
3139 4431 3375 4490 Irenaeus
3408 4433 3630 4491 liberius

387 4525 529 4584 ναῖος
572 4518 1034 4591 παρῤησιαίτερον
1080 4516 1159 4589 τῷ
1193 4517 1400 4589 ἐλέγχῳ
1443 4517 1829 4589 προσενεχθεὶς
1880 4517 1952 4572 τὰ
1990 4518 2034 4574 D
2060 4532 2358 4589 coarguere
2402 4520 2523 4576 illos
2568 4534 2855 4593 aggressus
2912 4522 3047 4579 tales
3094 4522 3393 4580 lavationes
3429 4534 3485 4580 et
3544 4540 3632 4582 re-

384 4614 602 4671 Ιτοιαῦτα
629 4611 907 4681 λούσματα
933 4610 1029 4665 καὶ
1047 4607 1449 4681 ἀπολυτρώσεις
1467 4607 1683 4677 ἐξέθετο
1702 4609 1769 4676 ³⁹,
1793 4608 1949 4682 ἀδρο·

384 4709 713 4780 μερέστερον
740 4700 908 4758 εἰπὼν
949 4701 986 4755 ἃ
1029 4701 1386 4774 πράσσουσιν,
1426 4694 1509 4764 οἷς
1545 4699 1859 4790 ἐντυχόντες
1899 4700 1945 4733 ·“

378 4800 525 4864 τινὲς
558 4796 738 4856 αὐτῶν
782 4796 954 4867 ἦρνην
983 4794 996 4864 Ι
1022 4809 1116 4846 ται
1165 4790 1340 4855 οὕτως
1382 4789 1816 4861 παρειληφέναι,
1860 4791 1947 4844 ἀεὶ

380 4889 660 4963 ἀρνείσθαι
692 4886 1072 4959 μανθάνοντες.
1099 4885 1193 4936 Διὸ
1234 4881 1455 4953 φροντὶς
1497 4881 1630 4953 ἡμῖν
1657 4880 1946 4952 γεγένηται

2063 4610 2406 4680 demptiones
2438 4614 2708 4681 exposuit,
2758 4613 2933 4683 magis
2978 4613 3210 4671 strictim
3245 4616 3492 4672 elocutus
3515 4633 3630 4688 qua·

2056 4709 2292 4771 patrant,
2348 4702 2697 4773 quibuscum
2741 4701 3062 4758 incidissent
3114 4704 3354 4759 nonnulli
3412 4718 3624 4770 eorum,

2055 4790 2279 4845 inficiati
2320 4799 2447 4845 sunt
2475 4791 2550 4847 ita
2579 4805 2704 4847 esse
2741 4793 3034 4863 recepisse,
3062 4794 3263 4865 quippe
3291 4794 3383 4864 qui
3411 4808 3626 4864 semper

2053 4883 2351 4937 doceantur
2409 4881 2660 4940 inficiari.
2699 4881 3059 4949 Quamobrem
3116 4883 3269 4940 nobis
3299 4883 3491 4939 oborta
3543 4897 3630 4946 est

380 4981 764 5054 ἀκριδέστερον
785 4977 1113 5050 ἐπιζητῆσαι
1141 4976 1237 5030 καὶ
1270 4975 1523 5047 ἀνευρεῖν
1553 4972 1942 5048 λεπτομερῶς,
2053 4990 2181 5031 cura
2222 4977 2528 5032 accuratius
2588 4976 2945 5045 investigandi
2991 4985 3048 5032 et
3093 4976 3381 5048 indagandi
3441 4977 3626 5049 siugu-

380 5069 415 5127 ἃ.
438 5072 533 5127 καὶ
559 5072 616 5125 ἐν
643 5067 723 5142 τῷ
746 5066 951 5140 πρώτῳ
984 5063 1197 5136 λουτρῷ
1228 5062 1620 5135 παραδιδόασι,
1654 5063 1715 5118 τὸ
1735 5062 1948 5118 τοιοῦτο
2055 5066 2226 5133 latim,
2259 5080 2381 5136 quoe
2418 5077 2472 5120 et
2523 5066 2576 5121 in
2634 5068 2807 5136 primo
2837 5067 3055 5122 lavacro
3093 5067 3331 5134 tradunt,
3359 5067 3500 5137 quod
3550 5067 3625 5123 ita

1653 5239 1888 5298 VARtAE
1923 5238 2325 5297 LECTlONES.

452 5410 501 5445 ⁸⁷
536 5408 901 5477 ἀναλυομένου
934 5405 1230 5475 Bneperus.
1253 5404 1617 5476 ἀναδυομένου
1646 5404 1710 5467 C,
1732 5402 1803 5458 Μ.
1879 5400 2236 5488 δ’.ἀποίθοιτο
2261 5400 2324 5457 C.
2360 5400 2408 5435 δ’
2444 5402 2600 5457 ποτέ.
2618 5401 2757 5491 ,ποτὶ
2778 5401 2878 5490 μεν
2901 5402 2973 5458 tt.
3050 5404 3096 5436 ⁸·
3125 5404 3333 5468 Πολλὰς
3366 5404 3428 5459 C.
3501 5406 3547 5437 ⁸¹
3581 5395 3650 5449 τδ

387 5479 614 5551 κυρίους
646 5477 784 5533 εἶναι
814 5494 965 5547 susp.
1003 5479 1294 5543 tun-perus.
1360 5475 1412 5557 ζ·
1445 5473 1896 5547 ἀπολυτρώσεως,
1927 5489 2005 5536 ως
2026 5471 2326 5552 ssoeperus,
2353 5471 2784 5544 ἀπολυτρώσεως
2812 5475 2877 5537 (,,
2914 5472 2988 5528 Μ.
3065 5474 3120 5554 ⁸2
3139 5472 3285 5529 Fort.
3311 5474 3637 5545 βαπτισθέν-

744 5548 926 5612 ἀλ
946 5545 1029 5650 .=.=·
1104 5547 1151 5578 ··
1176 5540 2299 5685 ⁶22⁶:0ezzzraa’sm21*eatae-0.
2319 5540 3300 5685 :sxzrermse-1sszxmr‘22
3322 5544 3637 5686 {sagea

396 5617 883 5763 &ng‘ffqetgosai‘x‘gl
908 5633 1549 5760 posfe'zssssrttuisorenuum
1580 5656 1782 5740 censet.
1909 5651 1926 5669 ⁶
2505 5652 2521 5680 ’
2626 5651 2640 5669 ⁸
