3967 6217
206 360 381 426 κω
1291 351 1588 416 numu.
1626 351 1949 412 uuum
1989 350 2406 417 Peenno,
3360 355 3502 421 3010

1517 668 2205 765 PRAEFATIO.

1818 885 1894 900 Ἀ

310 1065 615 1134 Codicum
663 1082 835 1130 anno
888 1061 1041 1129 1842
1091 1080 1170 1127 ex
1227 1064 1468 1128 Graecia
1515 1061 1845 1127 allatorum
1876 1080 1913 1127 a
1958 1061 2263 1141 Mynoide
2308 1064 2531 1142 Myna,
2594 1061 2862 1144 publicis
2909 1062 3209 1144 auspiciis
3245 1062 3504 1126 thesau-

217 1167 348 1216 ros
417 1143 728 1228 ejusmodi
813 1140 1209 1224 exploratum
1265 1143 1484 1219 misSO,
1527 1160 1697 1205 unus
1749 1142 2078 1221 neglectus
2133 1159 2205 1204 ac
2259 1141 2393 1204 fere
2456 1142 2794 1222 despectus
2847 1149 2937 1203 est
2981 1159 3017 1204 a
3058 1142 3205 1204 viris
3246 1142 3507 1205 eruditis

332 1227 349 1240 ⁶
408 1222 730 1305 depositos
783 1240 895 1288 eos
949 1239 1148 1304 penes
1204 1238 1521 1284 summum
1580 1221 2046 1284 moderatorem
2099 1219 2508 1283 institutionis
2566 1219 2834 1300 publicae
2883 1220 3348 1283 examinabant.
3398 1223 3507 1282 In-

219 1246 567 1370 afflabatur
610 1302 712 1363 ille
753 1301 820 1364 in
857 1317 1126 1365 recensu
1180 1300 1493 1362 Monilori
1524 1300 1872 1362 universali
1920 1299 2160 1362 inserto
2203 1298 2306 1361 die
2344 1298 2378 1358 5
2410 1296 2692 1361 Januarii
2729 1295 2879 1358 1844
2905 1315 2940 1359 a
2973 1314 3205 1378 meque
3239 1299 3386 1362 alibi
3418 1299 3503 1380 (a)

222 1382 536 1464 repetito,
572 1378 671 1443 his
709 1380 962 1444 verbis:
1007 1379 1364 1441 Manuscrit
1412 1396 1489 1439 en
1535 1380 1762 1459 μηρίον
1790 1378 1864 1440 de
1911 1387 2120 1451 caton,
2175 1376 2262 1438 du
2313 1384 2446 1438 x1v·
2494 1375 2694 1450 siecle,
2738 1385 3075 1436 contenent
3118 1395 3238 1437 une
3264 1377 3509 1456 re'futa-

227 1463 382 1526 tion
410 1459 483 1523 de
526 1467 726 1521 tontes
760 1457 846 1520 les
891 1457 1179 1520 he'rdsies.
1222 1455 1333 1520 Cet
1386 1475 1683 1536 ouvrage,
1740 1455 1891 1520 d’un
1926 1464 2151 1518 auteur
2203 1472 2544 1534 anonyme,
2594 1461 2681 1515 est
2725 1452 2929 1514 divise'
2982 1470 3059 1514 en
3115 1452 3231 1516 dia:
3284 1453 3501 1525 livre-s,

225 1541 403 1602 mais
444 1538 529 1600 les
576 1538 735 1599 trois
773 1537 1077 1627 premiere
1126 1543 1464 1616 manquent
1510 1535 1680 1599 ainsi
1723 1555 1836 1626 quc
1874 1535 1936 1597 Ia
1960 1536 2071 1615 fin.
2951 1608 2963 1621 Ο

319 1616 659 1680 Codicibus
701 1613 827 1677 illis
868 1615 1122 1696 (praeter
1160 1630 1399 1694 paucos
1429 1629 1594 1694 quos
1644 1614 1764 1677 sibi
1814 1614 2080 1677 servavit
2119 1613 2450 1693 Myno'ides
2490 1613 2709 1691 Mynas
2736 1628 2750 1672 ε
2782 1609 2991 1672 Babrii
3039 1610 3505 1698 apographum,

232 1694 464 1759 Galeni
519 1693 919 1756 Dialecticam
963 1691 1043 1756 ab
1082 1692 1224 1772 ipso
1263 1691 1493 1754 editam
1535 1709 1592 1754 a.
1628 1691 1804 1767 1844,
1834 1700 1898 1755 et
1928 1691 2289 1754 Philostrati
2318 1693 2784 1768 Gymnasticam
2818 1689 2972 1768 jam,
3008 1697 3080 1750 ut
3107 1688 3374 1760 videtur,
3404 1689 3506 1752 in-

231 1773 507 1852 tegram)
546 1773 614 1834 in
644 1769 1084 1834 bibliothecam
1136 1777 1268 1832 tum
1325 1769 1584 1848 Regiam
1648 1769 1855 1844 illatis,
1896 1770 2055 1832 mihi
2110 1770 2432 1851 provincia
2489 1768 2632 1830 data
2660 1773 2860 1830 estut
2909 1765 3508 1848 Supplementorum

235 1849 541 1929 catalogo
607 1848 855 1912 illorum
906 1864 1236 1912 recensum
1302 1848 1716 1930 notitiamque
1768 1848 2087 1934 concisam
2138 1848 2496 1910 ad’icerem.
2550 1846 2643 1908 Ibi
2691 1861 2835 1908 eum
2867 1842 2966 1933 'de
3004 1861 3133 1924 quo
3181 1844 3502 1936 verbafa-

237 1947 394 1992 cere
421 1927 802 1991 instituimus
830 1926 1112 1992 codicem
1153 1927 1244 1989 sic
1283 1926 1550 1989 relatum
1583 1925 1817 1990 habes:
1857 1951 1884 1986 α
1916 1927 2169 1988 ccccm
2230 1972 2246 1987 .
2307 1926 2516 1989 Codex
2586 1924 3008 2002 bombycinus
3059 1940 3137 1985 ex
3184 1923 3424 1988 Graecia
3471 1943 3508 1988 a

237 2010 434 2088 Myna
473 2004 734 2081 allatus,
791 2022 920 2085 quo
963 2004 1321 2068 continetur
1368 2004 1670 2083 anonymi
1711 2005 1839 2068 sive
1869 2007 2082 2085 potius
2138 2004 2421 2095 Origenis
2468 2001 2783 2065 Refutatio
2836 1998 3120 2062 omnium
3167 2000 3507 2064 haeresium

240 2085 470 2149 decem
500 2083 674 2146 libris
723 2083 939 2146 divisa.
979 2085 1132 2145 Tres
1194 2082 1439 2164 priores
1466 2081 1610 2144 libri
1659 2090 1721 2145 et
1774 2084 2022 2146 initium
2067 2089 2275 2162 quarti
2323 2081 2779 2145 desiderantur.
2835 2081 2895 2141 Is
2949 2078 3153 2140 codex
3189 2078 3510 2143 Michaelis

239 2180 474 2238 manu,
521 2161 755 2225 saeculo
813 2161 1061 2224 decimo
1107 2166 1332 2241 quarto
1389 2166 1677 2223 exaratus
1703 2162 1970 2225 videtur.
2011 2185 2040 2218 »
2081 2163 2208 2223 Nec
2258 2160 2406 2223 satis
2465 2159 2678 2221 mirari
2709 2174 2901 2237 queo,
2945 2172 3025 2217 ex
3065 2164 3235 2220 tanta
3276 2158 3502 2221 docto-

240 2240 733 2304 rumhominum
758 2240 1134 2320 frequentia,
1178 2238 1288 2319 qui
1323 2238 1605 2328 quotidie
1633 2240 1914 2303 ¹'codices
1954 2246 2205 2302 nostros
2231 2244 2506 2310 versant,
2551 2236 2871 2300 neminem
2914 2232 3083 2298 illius
3129 2236 3509 2317 inspiciendi

240 2318 658 2400 cupiditatem
692 2316 1050 2382 incessisse.
1089 2316 1201 2378 Vel
1267 2334 1545 2396 primum
1589 2315 1834 2394 folium,
1882 2319 1952 2381 in
2014 2333 2143 2398 quo
2188 2316 2269 2379 de
2312 2315 2746 2378 Chaldoeorum
2779 2310 3116 2391 astrologia
3155 2315 3508 2378 secundum

239 2399 506 2459 Sextum
553 2395 1005 2476 philosophum
1064 2395 1412 2475 scepticum
1481 2394 1808 2459 disseritur
1831 2443 1847 2471 ,
1898 2397 2247 2477 perlectum
2323 2394 2399 2456 ad
2470 2391 2910 2473 cognoscenda
2989 2400 3215 2455 coetera
3271 2407 3507 2455 unum-

243 2491 567 2564 quemque
608 2473 955 2536 invitasset.
1012 2474 1105 2536 lta
1151 2472 1307 2536 mihi
1344 2471 1560 2536 relicta
1604 2481 1698 2536 est
1744 2473 2023 2538 thesauri
2044 2473 2261 2553 huJ‘uS‚
2300 2490 2432 2536 non
2464 2472 2767 2547 inventio,
2807 2469 2916 2532 sed
2961 2478 3323 2550 ἀνακάλυψις,
3362 2471 3505 2534 the-

245 2553 440 2621 sauri.
468 2570 533 2614 in
583 2568 751 2620 uam.
836 2567 981 2613 uem
1011 2569 1154 2614 cum
1185 2551 1435 2625 Babrio,
1465 2557 1653 2632 poeta
1676 2552 2167 2631 elegantissimo,
2185 2551 2317 2631 jam
2347 2567 2570 2614 omnes
2598 2551 2765 2613 inter
2792 2550 3008 2628 opima
3042 2550 3246 2631 spolia
3275 2566 3505 2613 nume-

245 2629 472 2695 rabunt
501 2647 536 2694 a
628 2570 866 2710 ,yuoide
897 2631 1082 2709 Myna
1117 2628 1421 2692 barbariae
1458 2630 1735 2693 tenebris
1762 2639 2000 2712 erepta.

325 2709 434 2770 Est
481 2707 584 2770 hic
640 2709 840 2770 codex
871 2706 1315 2787 bombycinuS,
1360 2707 1663 2787 quadrata
1711 2709 1949 2784 forma,
2007 2707 2305 2772 foliorum
2363 2704 2505 2783 137,
2542 2708 2690 2770 satis
2749 2707 3154 2789 indiligenter
3189 2712 3503 2782 exaratus,

245 2788 530 2860 ineunte,
561 2791 630 2850 ut
667 2785 931 2858 videtur,
967 2784 1200 2848 saeculo
1238 2802 1354 2847 ΧΠ
1385 2803 1422 2848 a
1453 2786 1754 2849 michaele
1782 2787 2081 2878 quodam,
2168 2788 2233 2849 ui
2271 2785 2642 2866 subscripsit
2681 2803 2695 2847 ε
2744 2795 2917 2867 Χερσὶ
2951 2795 3169 2876 Μιχαὴλ
3200 2793 3296 2863 ἥδε
3327 2793 3508 2864 βίσλος

243 2873 453 2928 τελέθει
476 2876 776 2942 γραφεῖσα.
817 2865 1040 2926 Insunt
1075 2870 1316 2943 septem
1355 2862 1496 2927 libri
1571 2872 1829 2928 ostremi
1865 2866 2080 2947 operis
2115 2883 2149 2928 a
2231 2864 2498 2943 Origene
2519 2863 2760 2956 scripti,
2793 2865 2967 2944 quod
3001 2870 3252 2944 penitus
3280 2862 3359 2925 de
3411 2880 3509 2925 er-

249 2943 449 3008 ditum
486 2941 862 3016 habebatur,
910 2947 1239 3030 postquam
1263 2942 1502 3022 primus
1525 2883 1710 3017 fiber,
1748 2952 2229 3022 Φιλοσοφουμένων
2255 2943 2619 3023 inscriptuS,
2651 2943 2801 3005 inde
2821 2943 3022 3006 fuerat
3049 2940 3326 3005 avulsus.
3398 2942 3507 3022 jus

247 3021 394 3084 libri
446 3020 571 3084 tine
596 3037 739 3083 cum
777 3025 1096 3100 promittat
1122 3026 1343 3082 auctor
1379 3037 1445 3082 se
1475 3028 1760 3085 veterum
1791 3021 2318 3103 philosophorum
2350 3022 2693 3083 sententias
2734 3026 2798 3083 et
2834 3022 3137 3085 doctrinm
3167 3027 3505 3100 systemata

249 3098 744 3181 explicaturum,
787 3098 1035 3159 duobus
1087 3097 1417 3159 minimum
1471 3097 1646 3161 libris
1679 3099 2036 3163 constitisse
2087 3099 2210 3162 boc
2251 3116 2421 3179 opus
2449 3116 2531 3178 ap
2580 3100 2814 3163 arebat.
2857 3101 2994 3162 Jam
3040 3098 3229 3179 hujus
3264 3098 3507 3162 codicis

252 3177 564 3241 beneflcio
597 3175 975 3258 Onia-,emam
1010 3191 1234 3237 ornans
1279 3192 1435 3237 oc‘ro
1480 3193 1703 3239 axenos
1730 3176 2151 3257 possidemuS,
2192 3177 2245 3239 si
2276 3193 2508 3256 paucas
2564 3193 2799 3239 acunas
2823 3176 3028 3256 quarti
3061 3176 3204 3238 libri
3240 3176 3421 3239 initio
3445 3185 3507 3239 et

253 3271 471 3321 versus
499 3253 689 3317 finem
719 3252 949 3316 decimi
976 3253 1277 3332 excipias.
1310 3252 1637 3316 Secundus
1660 3254 2098 3318 tantummodo
2124 3259 2312 3333 atque
2330 3253 2574 3327 tertius,
2601 3271 2678 3315 ex
2705 3253 2924 3317 decem
2954 3253 3255 3317 librorum
3286 3271 3502 3334 opere,

255 3332 460 3398 adhuc
489 3341 634 3396 sunt
673 3330 740 3394 in
785 3328 1162 3410 deperditis3
1198 3338 1389 3408 atque
1441 3331 1601 3394 adeo
1638 3331 1874 3395 dudum
1917 3331 2062 3394 illos
2104 3348 2363 3421 prorsus
2393 3331 2654 3409 periisse
2676 3348 2794 3394 nec
2824 3333 3163 3412 quicquam
3213 3330 3498 3393 relictum

255 3429 393 3476 esse
411 3411 549 3493 spei
570 3410 721 3472 olim
746 3407 1295 3478 inveniendorum,
1338 3425 1416 3470 ex
1439 3416 1654 3471 nostro
1684 3411 1904 3473 codice
1928 3408 2196 3486 intelligi
2228 3424 2414 3489 posse
2441 3408 2709 3471 videtur.
2738 3411 3044 3472 Nimirum
3071 3409 3166 3470 vel
3195 3409 3305 3470 illo
3333 3416 3499 3471 tem-

256 3505 413 3571 pore
452 3505 581 3566 quo
619 3487 863 3563 integer
903 3490 1034 3547 erat
1070 3484 1316 3565 priores
1367 3494 1497 3548 tres
1526 3484 1721 3551 libros
1755 3489 1834 3551 ab
1859 3487 1971 3550 illo
2016 3485 2291 3549 abfuisse
2324 3486 2414 3549 sic
2456 3486 2753 3567 equidem
2799 3488 3051 3567 colligo.
3090 3487 3373 3567 Scriptus
3410 3494 3506 3550 est

257 3563 777 3656 quaternionibus
832 3571 1062 3626 octona
1115 3561 1266 3625 folia
1311 3563 1873 3644 complectentibus
1924 3564 2400 3647 septemdecim,
2435 3581 2706 3646 quorum
2746 3568 2988 3647 priores
3017 3582 3244 3629 novem
3280 3564 3505 3627 litteris

257 3642 624 3724 simpliciter
649 3641 1024 3709 indicantur.
1049 3641 1256 3703 caeteri
1276 3643 1534 3705 vocibus
1561 3652 1807 3716 δέκατον,
1838 3653 2145 3717 ἑνδέκατον,
2175 3650 2296 3706 ctc.
2325 3645 2565 3707 Horum
2591 3645 2970 3709 indiciorum
2999 3645 3272 3736 primum
3299 3653 3341 3706 r
3361 3660 3501 3707 cer-

260 3721 427 3784 nitur
458 3721 524 3783 in
565 3718 721 3784 folio
765 3717 875 3793 13;
923 3717 1079 3782 folio
1111 3718 1145 3778 5
1174 3721 1435 3784 Arabica
1466 3720 1619 3784 cisra
1656 3723 1805 3785 satis
1834 3722 1966 3785 anti
2015 3739 2095 3785 ua
2120 3722 2421 3804 scriptum
2451 3746 2480 3781 α
2514 3721 2551 3784 2
2584 3747 2612 3781 ιι
2641 3741 2655 3785 :
2688 3726 2919 3787 absunt
2944 3724 3133 3803 igitur
3158 3723 3305 3786 folia
3337 3742 3499 3804 qua-

260 3808 426 3874 tuor,
456 3795 678 3880 procul
713 3798 906 3861 dubio
943 3797 1158 3878 quarti
1197 3797 1351 3861 libri
1378 3800 1559 3880 cujus
1611 3809 1935 3881 superstes
2002 3800 2198 3864 olium
2241 3802 2514 3893 primum
2561 3802 2631 3864 in
2670 3804 2879 3865 media
2908 3802 3329 3883 disputatione
3360 3818 3500 3863 ver-

259 3884 449 3952 satur,
481 3878 565 3941 ita
611 3883 679 3940 ut
732 3875 1123 3957 aliquantum
1167 3879 1535 3956 paginarum
1582 3897 1913 3944 numerum
2008 3897 2360 3944 roecessisse
2404 3887 2714 3962 oporteat.
2773 3883 3024 3943 Certum
3074 3885 3170 3940 est
3214 3879 3408 3955 igitur
3441 3886 3505 3941 et

259 3956 697 4030 indubitatum,
728 3970 1176 4018 amanuensem
1209 3958 1405 4019 nostri
1449 3957 1687 4020 codicis
1718 3975 1847 4021 non
1889 3898 2186 4020 halbuisse
2209 3958 2404 4021 libros
2433 3958 2888 4037 proecedenteS.
2931 3955 3267 4033 Exemplar
3292 3962 3502 4017 autem

262 4032 360 4098 hic
402 4034 531 4098 illic
611 4051 678 4096 er
705 4039 1078 4096 vetustatem
1116 4032 1278 4095 male
1307 4033 1588 4097 habitum
1621 4037 1699 4098 ab
1729 4037 1871 4114 ipso
1907 4037 2291 4115 exscriptum
2325 4051 2463 4097 esse
2501 4034 2773 4096 ostendit
2806 4033 3090 4113 spatiolis
3118 4033 3328 4095 vacuis
3361 4049 3505 4113 quae

263 4112 572 4194 compluri
618 4130 693 4174 us
731 4111 799 4175 in
851 4109 1009 4174 locis
1047 4108 1159 4169 reli
1209 4111 1321 4171 uit.
1361 4113 1510 4174 Post
1541 4110 1764 4174 folium
1800 4111 1911 4174 132
1956 4113 2412 4174 interciderunt
2438 4110 2589 4174 folia
2625 4110 2939 4190 quoedam,
2984 4126 3256 4189 quorum
3302 4129 3504 4174 unum

263 4192 327 4254 in
369 4192 494 4255 fine
520 4190 757 4255 codicis
793 4189 1059 4252 habetur
1087 4127 1221 4274 (Ῑοῖ.
1258 4186 1394 4276 337)
1422 4207 1459 4252 a
1509 4189 1821 4269 nobisque
1856 4206 1973 4252 suo
2003 4186 2145 4252 loco
2175 4189 2528 4251 restitutum
2566 4196 2681 4251 est.
2711 4187 3160 4269 origenianum
3195 4206 3358 4270 opus
3387 4205 3500 4252 ex-

263 4270 501 4350 cipiunt
530 4269 595 4332 in
628 4269 739 4330 fol.
767 4267 879 4329 135
906 4272 1075 4328 recto
1102 4280 1308 4327 inania
1340 4266 1628 4347 quoedam
1657 4284 1731 4329 ac
1762 4266 1922 4329 levia
1956 4266 2315 4345 astrologici
2347 4268 2722 4345 argumenti.

337 4348 636 4426 Origenes
681 4346 817 4426 ipse
870 4349 1164 4408 testatum
1213 4343 1327 4406 reli
1378 4345 1467 4408 uit
1509 4343 1698 4406 talem
1745 4346 1825 4407 ab
1868 4361 1937 4407 se
1982 4345 2329 4407 institutam
2379 4361 2518 4409 esse
2563 4346 2774 4426 operis
2808 4355 3144 4429 οἰκονομίαν,
3179 4353 3252 4408 ut
3283 4346 3506 4427 primis

265 4434 530 4506 quatuor
567 4423 743 4488 libris
779 4427 1126 4513 exponeret
1154 4428 1218 4483 et
1241 4363 1556 4501 Judlicaret
1589 4430 1870 4513 veterum
1902 4422 2430 4503 philosophorum
2469 4425 2775 4506 quusque
2810 4434 2998 4490 sectae
3044 4424 3309 4506 placila3
3350 4424 3504 4486 sub-

266 4501 672 4585 sequentibus
702 4501 878 4564 libris
918 4517 1070 4580 qum
1118 4516 1200 4561 ue
1229 4501 1590 4564 ostenderet
1621 4502 1951 4564 Gnosticos
1979 4509 2042 4563 et
2073 4501 2520 4566 haeresiarchas
2550 4520 2679 4567 non
2710 4520 2784 4567 ex
2814 4505 3100 4568 doctrina
3124 4502 3372 4578 Christi,
3396 4503 3505 4564 sed

268 4598 342 4644 ex
372 4580 630 4663 paganis
671 4578 1069 4674 philosophis
1151 4580 1389 4668 ausisse
1438 4580 1519 4643 do
1567 4587 1728 4644 mata
1774 4597 1907 4655 sua,
1937 4596 2065 4661 qua
2108 4580 2643 4645 demonstratione
2681 4600 2717 4645 a
2746 4582 2969 4646 Christi
3013 4583 3272 4646 nomine
3297 4599 3509 4661 segre·

267 4667 527 4739 gamm-3
560 4659 811 4723 decimo
849 4658 1124 4738 denique
1151 4655 1313 4721 hbro
1365 4658 1544 4737 singu
1575 4676 1611 4721 a
1653 4659 1867 4740 operis
1895 4659 2099 4738 capita
2127 4658 2345 4739 paucis
2390 4667 2729 4740 repeteret,
2763 4662 2826 4724 in
2872 4662 3132 4724 modum
3171 4661 3505 4741 epitomes,

267 4746 327 4803 ot
363 4739 661 4816 veritatiS,
706 4735 957 4820 qualem
987 4736 1125 4816 ipse
1177 4736 1596 4817 concipiebat,
1647 4736 2070 4800 delineatione
2109 4743 2255 4819 post
2301 4755 2548 4802 errores
2582 4740 2887 4803 refutatos
2932 4739 3234 4803 lectorem
3272 4738 3507 4802 confir-

267 4825 477 4883 maret.
503 4817 662 4884 Hine
692 4812 1063 4895 intelligitur
1090 4811 1325 4894 duplex
1354 4815 1462 4897 qui
1485 4815 1748 4879 traditur
1776 4815 1994 4879 titulus
2019 4832 2034 4876 :
2060 4824 2554 4898 Φιλοσοφούμεναῆ
2579 4826 2737 4882 Κατὰ
2758 4828 2948 4882 πασῶν
2971 4826 3240 4897 αἱρέσεων
3262 4826 3504 4892 ἔλεγχος.

268 4901 466 4976 Atque
510 4897 575 4959 in
610 4904 826 4960 nostro
899 4911 1110 4976 uoque
1144 4893 1363 4958 codice
1407 4902 1632 4974 quarto
1659 4894 1822 4956 libro
1858 4893 2273 4958 subscribitur
2297 4906 2778 4977 Φιλοσοφονμένων
2805 4907 2847 4959 δ’
2873 4906 3097 4976 βισλίον,
3135 4902 3201 4958 ut
3236 4894 3332 4957 vel
3361 4894 3509 4957 hinc

270 4981 559 5052 appareat
586 4976 856 5055 primum
910 4975 1111 5036 ibrum
1143 4981 1620 5053 Φιλοσοφουμινων
1633 4973 1766 5053 jam
1798 4973 1952 5035 olim
1979 4975 2305 5055 cognitum
2335 4992 2486 5040 sane
2517 4992 2591 5039 ac
2614 4993 2759 5039 vere
2793 4992 2932 5039 esse
2962 4974 3293 5039 exordium
3321 4973 3514 5052 Resu-

271 5051 522 5112 um'om's
544 5050 866 5114 hoeresium
894 5053 1188 5114 omnium.

343 5127 533 5209 Atqui
593 5129 648 5192 is
689 5129 828 5209 ipse
872 5129 1034 5192 liber
1080 5131 1322 5211 primus
1353 5130 1434 5192 ab
1471 5127 1793 5192 nonnullis
1828 5146 2053 5223 magna
2096 5133 2466 5198 auctoritate
2494 5132 2643 5196 viris
2670 5133 2922 5213 Origeni
2955 5136 3050 5195 est
3095 5130 3509 5211 abjudicatuS.

272 5210 632 5286 Quanquam
653 5224 822 5270 nunc
844 5207 1124 5285 quidem,
1150 5207 1345 5270 totius
1373 5206 1585 5287 operis
1613 5213 1790 5289 parte
1806 5225 2077 5275 maxima
2103 5211 2381 5276 tenebris
2393 5211 2661 5275 feliciter
2680 5219 2919 5292 erepta,
2943 5212 3051 5272 vix
3078 5208 3205 5271 ulla
3225 5213 3512 5288 superest

273 5287 346 5349 de
400 5290 659 5348 auctore
695 5284 1031 5361 dubitatio,
1077 5285 1566 5377 perstringamus
1610 5294 1822 5349 tamen
1867 5305 1902 5351 a
1953 5289 2310 5364 nonnullis,
2357 5290 2588 5355 Buetio
2634 5290 3005 5371 maaser-tim,
3052 5287 3204 5349 inde
3254 5287 3510 5349 ductum

273 5370 735 5441 argumentum,
785 5363 956 5443 quod
997 5363 1064 5426 in
1119 5380 1430 5445 prooemio
1468 5363 1768 5441 Origenes
1807 5381 1949 5429 sese
1983 5369 2408 5447 apostolorum
2446 5386 2859 5431 successorem
2894 5367 3122 5442 ferret,
3165 5382 3309 5429 cum
3342 5383 3509 5427 nun-

276 5458 453 5523 quam
480 5440 557 5503 sit
583 5447 985 5506 consecratus
1015 5442 1375 5523 episcopus,
1427 5442 1658 5525 quibus
1689 5442 1842 5507 solis
1870 5443 2219 5511 honorifica
2246 5446 2352 5512 illa
2376 5465 2411 5511 a
2506 5445 2716 5509 ellatio
2742 5444 3131 5509 conveniret.
3164 5443 3508 5522 Relegatur

278 5519 454 5584 velim
469 5518 664 5611 ,locus
689 5519 820 5595 ille,
851 5535 1000 5600 pag.
1025 5519 1220 5594 3,1in.
1249 5520 1348 5596 63,
1380 5536 1593 5603 neque
1621 5520 1845 5584 dubito
1867 5524 2025 5603 quin
2060 5525 2269 5587 statim
2302 5526 2429 5588 inte
2459 5464 2613 5604 figas
2640 5526 2707 5587 in
2737 5524 3099 5587 universum
3136 5523 3341 5604 loqui,
3375 5538 3506 5586 non

262 5594 353 5679 ⁸(le
375 5613 447 5664 se
463 5615 607 5680 ipso
634 5598 992 5679 origenem,
1025 5597 1128 5662 cui
1155 5606 1464 5681 praeterea
1489 5599 1909 5664 sacerdotium
1941 5601 2217 5682 legitime
2241 5603 2533 5666 collatum
2562 5602 2766 5667 luerat
2798 5605 3113 5680 caesarem,
3148 5615 3509 5684 quanquam

340 5759 418 5842 (ι)
437 5761 608 5850 Reque
628 5763 694 5821 do
717 5762 1110 5841 Biblioqrapfiie
1131 5763 1450 5836 analyeique,
1479 5761 1633 5831 tat-t,
1659 5777 1714 5836 p.
1735 5763 1795 5820 et
1810 5798 1827 5819 .
