3967 6217
246 313 399 370 2753

1464 303 1869 364 ttt-:zssctssus
1906 302 2136 361 CAPUT
2175 300 2333 357 xmt.

3356 295 3497 352 2754

251 425 541 484 tet-vallum
573 437 745 480 unum
770 423 962 493 parieti
988 421 1185 478 domus
1211 419 1266 474 in
1308 419 1571 475 lateribus
1598 432 1695 488 per
1720 415 1829 472 cir-
1858 420 1906 478 A
1932 430 2056 471 rum
2077 455 2093 481 ,
2121 418 2187 483 Χ
2215 420 2271 470 et
2304 410 2533 468 latitudo
2570 412 2592 481 ζ
2623 411 2931 468 cubitorum
2967 409 3199 465 duorum
3236 428 3251 464 x
3283 417 3340 466 et
3368 425 3501 484 ‘cor-

247 514 466 572 cultum
497 514 568 581 Χ
588 527 686 582 ρει·
709 511 996 567 circuitum
1034 507 1085 576 ζ.
1121 515 1181 563 ιιι
1206 515 1351 563 esset
1376 500 1835 576 apprehendenti-

247 607 360 662 bus
397 605 465 660 ad
494 600 807 666 videndum,
842 608 906 656 ut
929 599 1158 657 omnino
1191 611 1299 652 non
1326 594 1705 666 contingerent
1734 605 1834 663 pa-

251 696 425 752 rietes
452 695 671 750 domus.
701 694 752 747 7.
785 691 854 747 Et
877 689 1111 748 latitudo
1134 688 1324 744 lateris
1353 685 1657 757 superioris
1678 683 1835 754 juxta

252 785 697 841 additamentum
731 782 962 836 laterum
1006 793 1075 834 ex
1109 777 1316 848 pariete
1343 777 1410 832 ad
1445 774 1703 846 superius
1735 787 1836 843 per

257 876 550 931 circuitum
592 874 658 940 Χ
696 885 794 941 ρει·
843 868 1136 926 circuitum
1172 868 1198 937 ζ
1237 867 1457 928 domus.
1493 873 1554 920 ut
1577 865 1838 920 dilatetur

256 967 459 1022 domus
493 964 749 1034 desuper,
779 968 835 1017 et
861 976 930 1017 ex
959 958 1205 1015 inferiori
1236 956 1539 1015 aseendant
1566 955 1631 1011 ad
1669 968 1835 1022 supe-

260 1055 428 1117 riora,
453 1060 596 1108 etex
623 1050 816 1106 mediis
831 1065 996 1121 super
1024 1063 1087 1105 -ι-
1119 1047 1380 1104 habentia
1410 1046 1512 1102 tria
1534 1052 1677 1101 tecta
1704 1042 1759 1098 8.
1784 1050 1841 1098 et

260 1144 462 1201 'shrael
498 1144 523 1213 ζ
556 1141 754 1199 domus
782 1140 1013 1196 altitudo
1043 1153 1141 1209 per
1168 1138 1459 1194 circuitum
1496 1139 1563 1206 Χ
1601 1149 1701 1206 ρει·
1733 1133 1842 1189 eir·

263 1235 474 1291 cuitum
504 1232 557 1301 ζ,
579 1231 674 1304 (ιιι)
703 1238 759 1286 et
779 1229 1123 1287 intervallum
1151 1229 1383 1286 laterum
1402 1228 1611 1301 aequale
1628 1225 1840 1282 calamo

263 1323 577 1381 cubitorum
609 1337 708 1378 sex
727 1361 745 1388 ,
784 1323 863 1393 (n)
898 1320 1266 1378 intervallum.
1298 1320 1355 1377 9.
1387 1319 1455 1375 Et
1479 1317 1711 1375 latitudo
1739 1332 1840 1389 pa·

267 1415 420 1470 rietls
441 1410 630 1470 lateris
669 1424 735 1469 -t-
764 1413 820 1468 in
852 1412 921 1469 iis
949 1414 1119 1485 :quse
1140 1412 1484 1469 extrinsecus
1515 1410 1832 1467 cubitorum

272 1504 547 1576 quinque,
579 1502 654 1574 (ο)
679 1512 735 1560 et
763 1503 974 1575 reliqua
1013 1504 1155 1560 inter
1195 1504 1366 1559 intera
1399 1500 1597 1558 domus
1619 1541 1635 1568 ,
1677 1500 1761 1555 10.
1788 1508 1844 1554 et

273 1595 413 1653 inter
435 1595 687 1660 exedras,
714 1594 945 1651 latitudo
966 1595 1279 1651 cubitorum
1315 1593 1526 1665 viginti,
1548 1590 1843 1647 circumie-

271 1683 447 1740 rentia
460 1681 648 1739 domui
670 1696 766 1753 per
779 1681 1070 1738 circuitum
1086 1683 1156 1752 Χ
1175 1681 1566 1751 pet-circuitum
1585 1681 1633 1751 ζ.
1650 1680 1735 1734 11.
1763 1678 1841 1752 (ρ)

1937 520 2049 561 nua
2072 514 2228 561 erant
2252 504 2302 560 ei
2328 542 2344 566 .
2380 513 2436 559 et
2464 503 2613 560 basis
2638 504 2757 574 ejus
2781 544 2798 570 ,
2828 512 2884 559 et
2907 502 3142 573 parietes
3168 501 3290 571 eius
3318 502 3502 572 lignei.
3552 553 3559 560 .

1938 597 2007 652 Et
2037 598 2177 653 dixit
2229 597 2296 651 ad
2326 611 2414 651 me
2454 614 2468 651 ε
2509 593 2637 651 ttaec
2683 610 2873 651 mensa
2906 634 2922 658 ,
2967 608 3089 663 quae
3124 607 3309 647 eoram
3362 591 3499 649 tacte

1938 688 2157 743 Domini
2196 705 2210 744 t
2251 696 2306 743 et
2334 685 2457 743 duae
2492 686 2640 743 iores
2691 688 2894 758 templo
2919 728 2936 754 ,
2969 693 3027 741 et
3059 682 3390 740 Sanctuario
3425 685 3502 755 (a)

1937 780 2062 834 duae
2095 777 2262 842 iores,
2293 777 2387 832 25.
2417 776 2508 831 at.
2542 775 2755 831 duabus
2791 774 3005 830 foribus
3034 772 3504 850 circumeuntibus

1939 884 2104 938 super
2123 868 2440 924 cardinibus
2461 884 2477 922 ι
2500 867 2622 922 dnae
2641 849 2927 933 l'ores‘uni,
2960 875 3014 921 et
3035 864 3157 921 duze
3170 863 3319 920 iores
3337 874 3507 934 ρει-ιω

1940 961 2193 1016 secundae
2230 978 2243 1013 :
2272 959 2365 1014 25.
2399 967 2457 1016 et
2487 959 2744 1016 caelatura
2775 974 2940 1030 super
2965 958 3066 1022 eis,
3091 966 3145 1013 et
3168 971 3334 1026 super
3361 954 3506 1010 l'ores

1941 1051 2127 1123 templi
2162 1049 2482 1117 Cherubim,
2530 1059 2584 1105 et
2612 1051 2806 1119 palmae
2830 1050 2987 1120 juxta
3022 1048 3334 1104 caelaturam
3368 1046 3510 1102 San-

1940 1150 2176 1206 ctorum,
2191 1140 2265 1209 (b)
2292 1151 2344 1195 et
2354 1139 2498 1211 ligna
2522 1139 2866 1209 impudentiae
2879 1146 3071 1194 contra
3094 1136 3288 1193 faeiem
3320 1133 3503 1190 AElam

1940 1229 2270 1295 lorinsecus,
2295 1227 2387 1285 ΞΒ.
2409 1237 2474 1285 ,ει
2506 1227 2763 1284 fenestrae
2792 1226 3128 1284 absconditae
3156 1244 3171 1282 ι
3199 1235 3255 1283 et
3284 1239 3510 1281 mensus

1938 1328 2022 1377 est
2048 1320 2176 1374 ltine
2201 1329 2257 1373 et
2288 1318 2414 1374 inde
2435 1357 2452 1383 ,
2487 1318 2543 1373 in
2580 1317 2857 1387 laquearia
2894 1315 3073 1373 Elam
3104 1356 3119 1382 ,
3146 1316 3220 1388 (c)
3253 1323 3307 1373 et
3338 1316 3509 1371 latera

1940 1412 2139 1468 donnus
2164 1409 2438 1481 copulata.

2010 1501 2147 1573 Cap.
2177 1499 2338 1556 XLll.
2369 1529 2438 1541 —
2466 1499 2521 1556 1.
2553 1499 2621 1556 Et
2652 1498 2958 1557 introduxit
2982 1510 3070 1552 me
3109 1497 3165 1550 in
3192 1495 3396 1551 atrium
3428 1495 3506 1550 in·

1944 1594 2115 1650 terius
2147 1607 2216 1650 -t-
2251 1607 2444 1649 versns
2465 1592 2726 1648 orientem
2758 1593 2784 1663 ζ
2815 1597 3004 1646 contra
3030 1598 3268 1657 portam,
3293 1601 3416 1657 quae
3441 1585 3511 1642 ad

1943 1686 2254 1758 aquilonem
2288 1704 2302 1742 z
2336 1694 2391 1741 et
2427 1683 2727 1740 introduxit
2762 1698 2853 1738 me
2874 1721 2892 1745 ,
2930 1688 2986 1736 et
3028 1694 3156 1736 eece
3198 1679 3413 1734 exedrae
3444 1690 3509 1733 -ι-

274 1770 344 1828 Et
365 1781 538 1842 porta
563 1772 888 1828 exedrarum
918 1785 1083 1842 super
1112 1771 1384 1844 reliquum
1425 1778 1597 1842 portae
1641 1769 1838 1837 unius,
1867 1764 1914 1820 B
1938 1779 2184 1850 quinque
2217 1776 2245 1847 ζ
2276 1775 2594 1847 propinquae
2639 1773 2851 1843 reliquo
2874 1812 2892 1840 ,
2925 1781 2981 1828 et
3008 1770 3332 1841 propinquae
3362 1783 3514 1838 sepa-

272 1876 396 1933 quae
430 1861 498 1918 ad
528 1861 841 1932 aquilonem
872 1880 888 1919 ε
922 1870 979 1920 et
1007 1863 1210 1920 ostium
1263 1878 1431 1918 uuum
1459 1862 1526 1917 ad
1558 1870 1834 1926 austrum,

272 1961 329 2010 et
355 1951 588 2009 latitudo
612 1952 836 2010 luminis
871 1954 1074 2025 reliqui
1105 1955 1211 2010 loci
1252 1953 1503 2018 oratorii,
1533 1951 1843 2007 cubitorum

277 2044 519 2115 quinque
553 2057 614 2099 -t-
655 2044 882 2101 latitudo
907 2045 1263 2102 circumcirca
1303 2042 1353 2112 ζ.
1392 2042 1476 2097 ¹2.
1500 2042 1575 2112 (q)
1610 2042 1676 2096 Et
1702 2040 1847 2110 quod

278 2143 498 2205 separat
523 2144 650 2192 ante
681 2134 873 2191 faciem
902 2134 1098 2205 reliqui
1121 2137 1190 2204 Χ
1212 2134 1300 2189 via
1337 2134 1361 2204 ξ
1396 2132 1539 2188 sieut
1568 2129 1637 2186 ad
1671 2144 1845 2197 mare,

277 2229 348 2294 Χ
390 2224 699 2282 latitudinis
755 2222 780 2294 ζ
828 2224 1141 2281 cubitorum
1186 2222 1526 2294 septuaginta
1579 2220 1848 2286 latitudo,

276 2313 502 2385 parietis
532 2313 837 2384 separantis
863 2312 1172 2369 cubitorum
1201 2311 1442 2382 quinque
1469 2309 1705 2365 latitudo
1735 2306 1848 2364 eir-

276 2405 575 2469 cumcirea,
589 2413 644 2460 et
659 2404 938 2475 longitudo
953 2403 1076 2475 ejus
1096 2403 1386 2476 nonaginta
1403 2402 1735 2457 cubitorum.
1756 2400 1845 2455 15.

276 2496 345 2551 Et
374 2509 602 2551 mensus
625 2504 710 2551 est
737 2497 806 2564 Χ
834 2503 1026 2552 contra
1066 2497 1090 2564 ζ
1122 2494 1347 2551 domum
1380 2512 1396 2550 ε
1431 2489 1720 2564 longitudo
1751 2504 1850 2546 cu-

273 2587 516 2644 bitorum
564 2597 786 2643 centum
807 2626 827 2654 ,
861 2587 935 2658 (r)
967 2592 1023 2642 et
1057 2586 1301 2656 reliqua,
1348 2593 1406 2641 et
1432 2583 1768 2655 separantia,
1796 2592 1851 2639 et

283 2681 519 2752 parietes
532 2694 745 2747 eorum,
764 2677 1045 2750 longitudo
1056 2677 1369 2732 cubitorum
1388 2684 1632 2732 eentum.
1669 2675 1760 2731 u.
1783 2674 1850 2734 Et

279 2773 508 2832 latitudo
554 2782 681 2829 ante
713 2771 908 2829 l'aeiem
955 2771 1188 2839 domus,
1236 2770 1308 2842 (s)
1346 2779 1403 2826 et
1449 2769 1696 2841 reliqua,
1729 2781 1853 2839 quae

277 2876 491 2930 contra,
519 2863 830 2921 cubitorum
866 2872 1108 2920 eentum.
1145 2863 1233 2917 15.
1265 2863 1330 2917 Et
1359 2875 1588 2918 mensus
1617 2868 1705 2918 est
1729 2859 1850 2916 lon-

278 2957 576 3031 gitudinem
609 2955 915 3028 separantis
959 2963 1089 3010 ante
1129 2952 1325 3010 faciem
1375 2952 1574 3025 reliqui
1616 2965 1808 3008 eorum
1831 2992 1849 3019 ,

278 3063 399 3120 quae
419 3055 550 3122 post
582 3047 806 3102 domum
842 3044 992 3100 illam
1011 3082 1028 3107 ,
1086 3052 1142 3099 et
1173 3043 1388 3113 reliqua
1419 3041 1544 3098 bine
1589 3049 1646 3098 et
1674 3039 1802 3097 inde
1825 3081 1840 3106 ,
1869 3086 1914 3143 C

280 3140 586 3197 cubitorum
611 3148 830 3195 eentum
868 3151 930 3193 -ι-
963 3135 1253 3206 longitudo
1280 3135 1306 3204 ζ
1337 3152 1355 3189 =
1384 3143 1440 3190 et
1471 3133 1762 3206 templum,
1791 3142 1849 3189 et

280 3231 487 3303 anguli,
527 3230 593 3302 (l)
623 3240 679 3285 et
720 3227 902 3285 AElam
945 3228 1186 3284 exterius
1213 3266 1231 3293 ,
1264 3226 1610 3282 obumbrata.
1662 3225 1751 3280 16.
1781 3224 1849 3279 Et

283 3325 532 3380 tenestne
573 3322 769 3378 retium
797 3320 1141 3377 sublucentia
1170 3333 1267 3390 per
1310 3318 1598 3373 circuitum
1641 3316 1806 3371 trium
1828 3354 1846 3380 ,

283 3416 427 3470 sicut
450 3415 516 3468 ad
547 3411 985 3483 prospiciendum
1013 3427 1029 3464 ε
1059 3419 1117 3464 ει
1142 3409 1342 3463 domus
1361 3448 1378 3472 ,
1405 3415 1461 3463 et
1487 3421 1609 3477 quae
1635 3405 1690 3460 in
1722 3419 1847 3475 pro-

285 3505 491 3575 pinquo
521 3502 759 3557 obducta
785 3499 948 3570 lignis
983 3513 1081 3568 per
1108 3498 1398 3553 circuitum
1428 3500 1497 3567 Χ
1525 3511 1624 3567 ρει·
1649 3495 1851 3552 circui-

287 3606 402 3650 tum
431 3595 480 3664 ζ,
506 3606 569 3648 -ι-
597 3600 654 3647 et
678 3602 878 3646 terram
902 3589 1100 3646 domus
1132 3588 1183 3659 ζ,
1211 3597 1270 3645 ει
1293 3603 1326 3643 a
1356 3599 1501 3644 terra
1528 3589 1726 3644 domus
1753 3601 1847 3642 us-

287 3701 394 3758 que
425 3684 493 3740 ad
527 3681 793 3740 fenestras
825 3698 842 3738 t
875 3691 932 3737 et
958 3680 1215 3736 fenestrae
1247 3689 1493 3751 patentes
1539 3678 1847 3750 tripliciter,

284 3779 429 3835 sieut
452 3775 520 3832 ad
542 3773 1005 3847 prospiciendum,
1032 3773 1122 3827 17.
1145 3785 1204 3829 ει
1230 3787 1407 3843 usque
1425 3773 1493 3829 ad
1518 3771 1740 3827 domum
1766 3769 1847 3839 (n)

282 3868 640 3942 propinquam
669 3866 966 3934 interioris,
995 3873 1053 3922 et
1081 3880 1258 3939 usque
1286 3865 1356 3921 ad
1389 3864 1717 3921 exteriorem
1750 3880 1763 3917 ε
1793 3871 1849 3918 et

282 3974 449 4032 super
481 3973 699 4016 omnem
745 3959 1007 4031 parietem
1044 3973 1142 4028 per
1170 3957 1459 4015 circuitum
1512 3960 1582 4027 Χ
1620 3972 1715 4028 ρει·
1737 3955 1848 4010 cir-

281 4052 487 4107 cuitum
529 4049 936 4124 :intrinsecum
971 4054 1027 4102 et
1061 4048 1402 4104 extrinsecus
1439 4049 1509 4115 Χ
1550 4060 1845 4110 mensurat,

284 4142 372 4200 18.
406 4150 461 4198 et
485 4143 513 4212 ζ
544 4141 840 4198 Cherubim
874 4138 1082 4206 caelata,
1104 4147 1159 4192 et
1191 4137 1404 4208 palmae,
1428 4144 1483 4190 et
1502 4137 1681 4208 palma
1710 4135 1853 4190 inter

284 4233 503 4289 Cherub
528 4242 586 4289 et
612 4230 831 4287 Cherub
863 4246 879 4283 ι
910 4231 1030 4286 duae
1056 4228 1228 4285 facies
1248 4228 1502 4285 Cherubo
1523 4268 1541 4292 ,
1568 4227 1656 4282 ts.
1685 4225 1853 4281 facies

285 4322 518 4380 bominis
543 4320 612 4377 ad
635 4321 872 4391 palmam
898 4320 1026 4376 hinc
1047 4329 1103 4375 et
1130 4319 1282 4385 binc,
1307 4327 1364 4374 et
1392 4316 1561 4373 facies
1590 4314 1762 4372 leonis
1783 4316 1852 4370 ad

1941 1871 2085 1926 tanti
2103 1869 2170 1925 ad
2195 1867 2528 1939 aquilonem,
2557 1866 2613 1921 2.
2646 1867 2714 1933 Χ
2736 1864 2813 1936 (d)
2842 1878 3037 1919 versus
3068 1861 3262 1917 taciem
3301 1859 3514 1928 :super

1943 1958 2159 2015 cubitos
2196 1966 2415 2012 centum
2442 1954 2722 2026 iongitudo
2747 1954 2814 2009 ad
2842 1951 3176 2023 aquilonem,
3204 1959 3259 2005 et
3286 1949 3514 2004 latitudo

1945 2046 2336 2119 quinquaginta
2383 2045 2692 2102 cubitorum
2750 2062 2767 2099 z
2804 2044 2860 2099 5.
2900 2042 3220 2112 descriptae,
3253 2038 3517 2110 quemad-

1946 2138 2169 2195 modum
2206 2145 2379 2208 portae
2410 2136 2536 2191 atrii
2581 2135 2859 2190 interioris
2884 2169 2902 2198 ,
2949 2140 3005 2188 et
3045 2129 3509 2202 quemadmodum

1946 2226 2367 2284 intercolumnia
2412 2224 2538 2281 atrii
2586 2223 2875 2281 exterioris
2904 2222 3168 2278 ordinata·
3206 2229 3394 2276 contra
3436 2219 3519 2274 la-

1947 2318 2085 2375 eiem
2116 2318 2202 2376 sui
2225 2317 2455 2373 invicem
2484 2316 2728 2387 porticus
2760 2315 2916 2371 trinae
2943 2332 2959 2370 ε
3000 2313 3056 2369 t.
3091 2321 3147 2369 et
3175 2321 3364 2368 eontra
3390 2324 3519 2365 exe-

1946 2412 2078 2466 dras
2122 2409 2498 2466 ambulacrum
2546 2408 2855 2464 cubitorum
2903 2406 3091 2461 decem
3136 2403 3397 2467 latitudo.
3450 2415 3518 2457 -ι-

1949 2516 2115 2573 super
2140 2502 2357 2558 cubitos
2376 2509 2594 2557 centum
2613 2496 2898 2569 longitudo
2927 2497 2977 2565 ζ,
3014 2499 3082 2566 Χ
3113 2494 3181 2566 (e)
3210 2495 3264 2549 in
3289 2493 3520 2548 interius

1954 2596 1981 2666 ζ
2019 2596 2159 2649 viam
2197 2593 2343 2648 nlnae
2366 2592 2533 2648 unius
2555 2631 2572 2655 ,
2599 2599 2656 2648 et
2685 2590 2827 2648 ostia
2853 2603 3045 2645 earum
3074 2588 3142 2643 ad
3165 2585 3478 2657 aquilonem
3499 2623 3519 2652 ,

1950 2686 2027 2741 5.-
2059 2693 2117 2741 et
2154 2684 2473 2740 ambulacra
2515 2683 2799 2754 superiora
2829 2678 3083 2736 similiter
3117 2694 3132 2731 ε
3178 2677 3306 2749 quia
3335 2677 3522 2733 exibat

1949 2774 2429 2832 intercolumnium
2455 2811 2472 2838 ,
2505 2786 2571 2828 ex
2610 2786 2675 2828 eo
2702 2809 2719 2836 ,
2761 2786 2829 2827 ex
2880 2768 3122 2824 inferiori
3174 2781 3237 2823 -t-
3284 2766 3521 2823 interco-

1947 2866 2199 2931 lumnio,
2259 2873 2315 2921 et
2352 2864 2697 2920 intervallum
2739 2864 2762 2934 ζ
2809 2880 2824 2917 x
2865 2861 2948 2917 sic
2992 2858 3473 2916 intercolumnium
3502 2897 3520 2918 ,

1948 2967 2004 3014 et
2049 2955 2391 3013 intervallum
2415 2996 2433 3022 ,
2476 2952 2533 3009 6.
2562 2967 2625 3009 -t-
2675 2962 2730 3009 et
2768 2953 2851 3010 sie
2900 2951 3145 3024 porticus
3175 2950 3199 3018 ζ
3233 2948 3405 3022 :qnia
3454 2949 3521 3020 (s)

1949 3048 2192 3119 triplices
2218 3054 2394 3112 erant,
2424 3054 2477 3101 et
2504 3045 2773 3102 columnoe
2792 3059 2901 3100 non
2929 3052 3085 3099 erant
3119 3042 3221 3108 eis,
3261 3041 3405 3099 sicut
3426 3055 3519 3097 co⁴

1947 3138 2148 3193 lumnae
2169 3137 2499 3194 exteriorum
2523 3152 2539 3191 ι
2573 3144 2791 3206 propter
2812 3135 2918 3191 boc
2938 3134 3010 3206 (9)
3038 3133 3260 3190 exibant
3278 3132 3427 3189 l'oras
3448 3132 3519 3188 ab

1947 3225 2299 3282 inferioribus
2317 3264 2333 3289 ,
2360 3233 2415 3279 et
2439 3223 2634 3280 mediis
2659 3237 2692 3279 e
2735 3231 2879 3278 terra
2921 3226 2988 3290 Χ
3045 3223 3443 3295 quinquaginta
3471 3222 3520 3291 ζ.

1948 3317 2002 3371 7.
2054 3315 2121 3370 Et
2151 3315 2336 3369 lumen
2380 3312 2688 3369 forinsecus
2715 3353 2730 3378 ,
2791 3311 3250 3382 quemadmodum
3311 3313 3525 3367 exedrae

1948 3408 2074 3463 atrii
2097 3405 2406 3470 exterioris,
2434 3403 2791 3475 respicientes
2810 3411 3001 3459 eontra
3028 3402 3280 3468 exedras,
3312 3416 3375 3458 -t-
3402 3417 3526 3473 quae

1948 3500 2017 3556 ad
2071 3499 2385 3571 aquilonem
2450 3497 2498 3568 ζ,
2547 3494 2828 3565 longitudo
2874 3493 3186 3550 cubitorum
3244 3496 3522 3566 quinqua-

1948 3594 2118 3665 ginta.
2149 3592 2205 3648 8.
2234 3590 2373 3658 Quia
2419 3587 2701 3662 longitudo
2745 3586 3067 3643 exedrarum
3119 3584 3522 3658 respicientium

1948 3686 2004 3741 iu
2038 3685 2239 3741 atrium
2271 3681 2513 3740 exterius
2536 3690 2653 3737 erat
2672 3680 2980 3737 cubitorum
3008 3678 3403 3752 quinquaginta
3424 3719 3440 3746 ,
3467 3687 3525 3734 et

1949 3776 2034 3833 bat
2054 3784 2182 3833 sunt
2222 3783 2414 3832 eontra
2448 3773 2642 3830 faciem
2670 3771 2758 3828 his
2790 3790 2804 3826 :
2850 3786 3014 3828 omne
3049 3771 3360 3827 cubitorum
3390 3784 3522 3826 cen-

1949 3878 2088 3923 tum.
2114 3866 2169 3922 9.
2199 3864 2267 3921 Et
2291 3873 2463 3937 portat
2498 3864 2822 3921 exedrarum
2865 3862 3060 3917 barum
3084 3900 3101 3927 ,
3131 3861 3389 3916 introitus
3434 3858 3524 3928 qui

1947 3958 2017 4013 ad
2046 3957 2344 4022 orientem,
2393 3954 2535 4011 sicut
2565 3959 2635 4009 ad
2687 3950 3100 4021 ingrediendum
3150 3965 3311 4019 super
3342 3949 3412 4004 iis
3456 3964 3524 4004 ex

1951 4048 2092 4104 atrio
2111 4047 2393 4112 exteriori,
2422 4044 2511 4101 10.
2544 4057 2737 4099 versus
2761 4042 2977 4108 lumen,
3012 4041 3155 4110 quod
3180 4042 3235 4095 iu
3256 4040 3524 4112 principio

1953 4139 2256 4194 ambulacri
2283 4155 2299 4201 ς
2331 4145 2387 4192 et
2421 4149 2545 4205 quae
2575 4132 2644 4188 ad
2674 4141 2922 4188 austrum
2954 4146 3150 4187 versus
3179 4130 3378 4188 faciem
3419 4146 3521 4188 au-

1952 4232 2086 4295 stri,
2121 4243 2313 4285 versus
2344 4226 2538 4283 sacient
2559 4224 2776 4294 reliqui,
2814 4237 2878 4279 -ι-
2918 4231 2975 4279 ει
2999 4237 3190 4281 versus
3223 4224 3414 4281 faciem
3443 4241 3521 4281 se·

1952 4321 2203 4392 parantis
2251 4320 2301 4387 ζ,
2347 4328 2402 4374 et
2429 4317 2644 4374 exedrae
2665 4356 2682 4382 ,
2716 4315 2803 4370 11.
2835 4323 2891 4372 et
2917 4315 3294 4373 ambulacrum
3336 4328 3526 4374 contra

283 4416 518 4487 palmam
547 4412 674 4470 inde
711 4423 768 4469 et
801 4412 928 4468 inde
951 4454 969 4479 ,
1010 4411 1197 4467 calata
1226 4420 1342 4466 tota
1369 4411 1569 4466 domus
1608 4409 1851 4465 circum·
1881 4419 1929 4480 n
1954 4411 2149 4468 taciem
2171 4410 2550 4481 earum‚juxta
2565 4422 2854 4465 mensuras
2872 4409 3193 4465 exedrarum
3220 4411 3289 4479 Χ
3311 4410 3366 4464 in
3384 4410 3525 4466 viam

284 4507 454 4562 circa.
483 4504 574 4562 20.
597 4503 643 4558 A
669 4511 815 4559 terra
841 4503 922 4573 (x)
947 4516 1123 4572 usque
1142 4501 1211 4556 ad
1235 4500 1516 4571 laqueare,
1536 4499 1855 4566 Cherubim,

283 4605 342 4652 et
375 4595 570 4667 palmae
597 4592 800 4650 caelatae
839 4592 939 4662 (y).
972 4591 1066 4647 2¹.
1095 4590 1164 4646 Et
1210 4590 1609 4657 sanctuarium,
1637 4599 1692 4646 et
1718 4598 1856 4645 tem·

1961 4501 1983 4571 ζ
2021 4515 2145 4571 qnae
2170 4503 2239 4557 ad
2266 4501 2578 4572 aquilonem
2601 4537 2618 4565 ,
2648 4499 2953 4556 secundnm
2992 4500 3388 4573 longitudinem
3427 4515 3524 4556 ea-

1954 4607 2101 4656 rum,
2127 4603 2181 4647 et
2219 4591 2522 4648 secundum
2549 4590 2888 4647 latitudinem
2908 4606 3122 4661 earum,
3142 4602 3198 4649 et
3225 4592 3526 4650 secundum

285 4689 434 4760 plum
454 4687 528 4760 (s)
559 4696 750 4758 pateus
770 4684 1227 4755 quadrangulum,
1249 4693 1378 4739 ante
1395 4681 1593 4740 faciem
1621 4679 1858 4739 Sancto·
1950 4699 2148 4742 omnes
2177 4685 2357 4741 exitus
2389 4699 2577 4740 earum
2601 4727 2617 4751 ,
2650 4692 2705 4740 et
2736 4684 3035 4740 secundum
3088 4699 3282 4740 omnes
3320 4684 3528 4739 reditus

286 4794 408 4835 rum
431 4778 593 4847 visio,
638 4777 786 4834 sicut
819 4775 972 4832 frons
998 4774 1092 4830 22.
1123 4775 1314 4830 altaris
1349 4774 1509 4846 ligni,
1545 4775 1853 4831 cubitorum

290 4867 455 4923 trium
499 4866 732 4924 altitudo
771 4864 929 4937 eius,
952 4871 1009 4920 et
1050 4864 1331 4936 longitudo
1376 4864 1686 4922 cubitorum
1712 4866 1851 4922 duo-

1952 4789 2166 4842 earum,
2193 4773 2268 4847 (Ιι)
2296 4783 2351 4830 et
2367 4773 2663 4830 secundum
2691 4775 2897 4830 lumina
2919 4789 3132 4839 earum,
3159 4782 3212 4830 et
3228 4774 3528 4830 secundnm

1956 4867 2099 4924 ostia
2120 4882 2337 4933 earum,
2363 4866 2451 4922 42.
2497 4868 2988 4938 exedrarum‚quae
3030 4876 3219 4923 contra
3259 4873 3527 4932 austrum,

362 5109 456 5178 (m)
485 5107 571 5174 8.,
595 5124 630 5165 a
657 5109 1014 5170 fundamento
1050 5112 1331 5168 lateribus.
1407 5111 1486 5178 (ιι)
1519 5111 1606 5177 8.,
1640 5111 1795 5181 juxta
1815 5111 2083 5179 cubitum,
2113 5113 2203 5170 iila
2236 5112 2486 5170 latitudo.
2562 5113 2637 5182 (ο)
2675 5113 2766 5177 A..
2807 5110 3138 5167 intrinsecus
3159 5123 3290 5167 vero
3334 5106 3531 5167 domus

290 5178 456 5234 latera
484 5179 701 5264 domus.
743 5180 865 5245 Th..
911 5193 965 5239 et
997 5183 1140 5253 quod
1169 5189 1253 5264 est
1275 5181 1455 5264 quies,
1496 5181 1648 5237 locus
1679 5183 1907 5237 laterum
1934 5184 2153 5239 domus.
2251 5184 2326 5256 (ιι)
2358 5185 2446 5251 8.,
2488 5173 2659 5253 ‘porta
2686 5192 2889 5248 autem,
2923 5180 3079 5237 lateri
3119 5180 3174 5234 in
3203 5180 3527 5236 orationem.

291 5252 365 5320 (q)
401 5249 487 5314 8.,
511 5253 736 5307 latitudo
751 5261 932 5307 autem
962 5253 1063 5308 ioci
1086 5258 1372 5307 orattonts.
1399 5249 1521 5316 Th„
1549 5252 1767 5322 quietis.
1841 5253 1912 5322 (r)
1946 5253 2068 5317 Th..
2093 5266 2144 5310 et
2161 5252 2389 5322 Gazera,
2412 5261 2468 5309 et
2491 5253 2636 5324 qnod
2658 5254 2712 5307 in
2732 5252 2932 5307 medio.
2985 5250 3058 5322 (s)
3084 5248 3247 5317 S.,et
3268 5249 3531 5306 sectionis

288 5320 355 5374 ad
386 5321 670 5377 orientem.
739 5322 805 5392 (t)
835 5320 919 5389 8.,
949 5332 1006 5379 et
1035 5323 1245 5379 exedrae
1274 5322 1399 5377 atrii
1441 5321 1964 5392 superliminarium.

349 5392 367 5459 )
414 5387 504 5460 8.,
545 5391 689 5447 sicut
709 5392 888 5462 paries
914 5392 1123 5462 templi.

313 5466 369 5522 ol
397 5457 484 5524 8.,
507 5459 738 5517 duarum
776 5477 906 5517 vero
936 5472 1213 5534 portarum
1241 5476 1578 5534 unaqueque
1608 5473 1760 5532 porta
1798 5474 1918 5520 erat
1949 5465 2073 5521 duae

285 5530 433 5600 qnod
471 5539 600 5586 ante
632 5532 958 5588 vestibulum
991 5533 1316 5600 lorinsecus,
1358 5548 1522 5603 super
1548 5549 1661 5603 quo
1683 5531 1955 5590 senestrae.

2064 5328 2122 5393 α)
2172 5324 2365 5395 Prope.
2441 5325 2521 5394 (x)
2578 5321 2702 5385 ΤΙι..
2754 5337 2929 5402 usque
2965 5319 3033 5375 ad
3089 5335 3256 5393 supra
3291 5328 3527 5390 portam.

1228 5391 1303 5463 (s)
1343 5391 1425 5456 8.,
1465 5391 1883 5461 superliminare
1915 5407 2024 5464 qua
2065 5395 2386 5465 ungulum:
2422 5392 2589 5449 l'acies
2626 5400 2807 5448 autem
2848 5391 3152 5447 similitudo
3196 5389 3526 5447 Sanetuarii.

2174 5473 2348 5520 tentes
2370 5464 2624 5519 invicem.
2738 5461 2813 5532 (b)
2840 5459 2925 5526 S..
2955 5451 3337 5518 etcrassitudo
3369 5459 3525 5531 ligni,

2061 5533 2110 5600 (c
2153 5532 2237 5597 S.,
2260 5534 2560 5590 secundum
2590 5533 2756 5589 latera
2783 5533 3005 5593 domus.
3032 5539 3086 5586 et
3114 5532 3524 5588 crassitudines.

2914 5681 2970 5728 et
3013 5671 3200 5727 talium
3238 5671 3529 5728 modorum

287 5601 368 5668 (d)
396 5599 482 5665 8.,
507 5610 633 5656 ante
658 5601 1048 5672 longitudinem
1069 5611 1283 5658 centum
1319 5603 1653 5659 cubitorum.
1746 5603 1819 5674 (e)
1855 5602 1937 5664 8..
1973 5604 2041 5658 nel
2069 5603 2332 5658 interiora
2369 5603 2739 5745 respicientem
2770 5601 2840 5728 (ἒ)
2861 5601 2948 5668 8.,
2982 5601 3229 5657 babentia
3258 5602 3361 5656 tria
3388 5608 3529 5656 tecta

2830 5707 2868 5741 ⁰2

287 5668 431 5724 enim
455 5678 632 5728 eraut.
705 5672 778 5742 (9)
809 5672 928 5739 Tae„
955 5670 1347 5743 colligebantur
1373 5671 1534 5729 simul
1557 5673 1679 5744 plus
1707 5672 2081 5742 inferioribus,
2119 5681 2176 5730 et
2212 5673 2336 5744 plus
2368 5673 2583 5732 mediis.
2661 5683 2679 5744 t

288 5753 416 5797 sero
447 5749 502 5799 et
534 5742 668 5800 tales
695 5753 862 5814 portae
891 5758 1079 5801 earum
1105 5741 1402 5801 secundum
1430 5743 1568 5800 ostia
1587 5743 1929 5803 exedrarum.
