<?xml version="1.0" encoding="UTF-8"?>
<!DOCTYPE html PUBLIC "-//W3C//DTD XHTML 1.0 Transitional//EN"
    "http://www.w3.org/TR/xhtml1/DTD/xhtml1-transitional.dtd">
<html xmlns="http://www.w3.org/1999/xhtml" xml:lang="en" lang="en">
 <head>
  <title>
</title>
<meta http-equiv="Content-Type" content="text/html;charset=utf-8" />
  <meta name='ocr-system' content='tesseract 3.04.00' />
  <meta name='ocr-capabilities' content='ocr_page ocr_carea ocr_par ocr_line ocrx_word'/>
</head>
<body>
  <div class='ocr_page' id='page_1' title='image "./patrologicursus115migngoog_0207.png"; bbox 0 0 3967 6217; ppageno 0'>
   <div class='ocr_carea' id='block_1_1' title="bbox 182 364 3486 431">
    <p class='ocr_par' dir='ltr' id='par_1_1' title="bbox 182 364 3486 431">
     <span class='ocr_line' id='line_1_1' title="bbox 182 364 3486 431; baseline 0.002 -5"><span class='ocrx_word' id='word_1_1' title='bbox 182 369 354 427; x_wconf 69' lang='lat'><strong>2721</strong></span> <span class='ocrx_word' id='word_1_2' title='bbox 1407 364 1815 423; x_wconf 67' lang='lat' dir='ltr'><strong>ttsszttctssnts</strong></span> <span class='ocrx_word' id='word_1_3' title='bbox 1851 365 2080 424; x_wconf 68' lang='lat' dir='ltr'><strong>cst‘u‘t·</strong></span> <span class='ocrx_word' id='word_1_4' title='bbox 2144 366 2313 424; x_wconf 79' lang='lat' dir='ltr'><strong>XXll.</strong></span> <span class='ocrx_word' id='word_1_5' title='bbox 3342 375 3486 431; x_wconf 69' lang='lat'><strong>2722</strong></span> 
     </span>
    </p>
   </div>
   <div class='ocr_carea' id='block_1_2' title="bbox 185 486 3498 1933">
    <p class='ocr_par' dir='ltr' id='par_1_2' title="bbox 185 486 3498 1933">
     <span class='ocr_line' id='line_1_2' title="bbox 185 486 3484 562; baseline 0.001 -16"><span class='ocrx_word' id='word_1_6' title='bbox 185 491 342 546; x_wconf 57' lang='grc' dir='ltr'><strong>ικαὶ</strong></span> <span class='ocrx_word' id='word_1_7' title='bbox 367 488 604 547; x_wconf 74' lang='lat' dir='ltr'><strong>humile.</strong></span> <span class='ocrx_word' id='word_1_8' title='bbox 634 489 724 547; x_wconf 84' lang='grc'><strong>27.</strong></span> <span class='ocrx_word' id='word_1_9' title='bbox 747 488 1096 562; x_wconf 77' lang='lat' dir='ltr'><strong>injustitiam,</strong></span> <span class='ocrx_word' id='word_1_10' title='bbox 1126 492 1193 558; x_wconf 50' lang='grc' dir='ltr'><strong>Β(</strong></span> <span class='ocrx_word' id='word_1_11' title='bbox 1218 486 1540 557; x_wconf 78' lang='lat' dir='ltr'><strong>injustitiam</strong></span> <span class='ocrx_word' id='word_1_12' title='bbox 1570 488 1632 556; x_wconf 72' lang='grc' dir='ltr'><strong>ζ,</strong></span> <span class='ocrx_word' id='word_1_13' title='bbox 1665 486 1811 556; x_wconf 85' lang='lat' dir='ltr'><strong>injtt·</strong></span> <span class='ocrx_word' id='word_1_14' title='bbox 1838 496 1885 554; x_wconf 72' lang='grc' dir='ltr'>Α</span> <span class='ocrx_word' id='word_1_15' title='bbox 1914 489 2085 545; x_wconf 81' lang='lat' dir='ltr'><strong>oblita</strong></span> <span class='ocrx_word' id='word_1_16' title='bbox 2121 506 2205 561; x_wconf 86' lang='lat' dir='ltr'><strong>es,</strong></span> <span class='ocrx_word' id='word_1_17' title='bbox 2243 489 2376 548; x_wconf 89' lang='lat' dir='ltr'><strong>dicit</strong></span> <span class='ocrx_word' id='word_1_18' title='bbox 2416 489 2682 547; x_wconf 82' lang='lat' dir='ltr'><strong>Dominus</strong></span> <span class='ocrx_word' id='word_1_19' title='bbox 2712 491 3000 548; x_wconf 80' lang='lat' dir='ltr'><strong>Dominus.</strong></span> <span class='ocrx_word' id='word_1_20' title='bbox 3050 491 3138 548; x_wconf 75' lang='grc'><strong>13.</strong></span> <span class='ocrx_word' id='word_1_21' title='bbox 3193 492 3250 547; x_wconf 90' lang='lat' dir='ltr'><strong>Si</strong></span> <span class='ocrx_word' id='word_1_22' title='bbox 3302 504 3484 551; x_wconf 82' lang='lat' dir='ltr'><strong>autem</strong></span> 
     </span>
     <span class='ocr_line' id='line_1_3' title="bbox 185 573 3485 655; baseline -0.005 -3"><span class='ocrx_word' id='word_1_23' title='bbox 185 579 442 638; x_wconf 62' lang='grc' dir='ltr'><strong>Βῑῖῑῖῧω</strong></span> <span class='ocrx_word' id='word_1_24' title='bbox 473 593 673 651; x_wconf 64' lang='lat' dir='ltr'><strong>immin</strong></span> <span class='ocrx_word' id='word_1_25' title='bbox 710 594 856 645; x_wconf 64' lang='lat'><strong>0²¹¹]-</strong></span> <span class='ocrx_word' id='word_1_26' title='bbox 885 593 986 635; x_wconf 68' lang='lat'><strong>¹¹0⁰</strong></span> <span class='ocrx_word' id='word_1_27' title='bbox 1029 577 1145 634; x_wconf 66' lang='lat'><strong>¹¹20</strong></span> <span class='ocrx_word' id='word_1_28' title='bbox 1187 576 1314 632; x_wconf 67' lang='lat' dir='ltr'><strong>¹8¹5ss</strong></span> <span class='ocrx_word' id='word_1_29' title='bbox 1342 575 1469 641; x_wconf 67' lang='lat' dir='ltr'><strong>effi»</strong></span> <span class='ocrx_word' id='word_1_30' title='bbox 1513 573 1690 631; x_wconf 66' lang='lat' dir='ltr'><strong>(¹0¹¹oe</strong></span> <span class='ocrx_word' id='word_1_31' title='bbox 1725 589 1811 630; x_wconf 58' lang='lat'><strong>¹⁶²³-</strong></span> <span class='ocrx_word' id='word_1_32' title='bbox 1912 596 2241 652; x_wconf 86' lang='lat' dir='ltr'><strong>pcrcussero</strong></span> <span class='ocrx_word' id='word_1_33' title='bbox 2271 597 2497 640; x_wconf 87' lang='lat' dir='ltr'><strong>manum</strong></span> <span class='ocrx_word' id='word_1_34' title='bbox 2537 598 2713 638; x_wconf 88' lang='lat' dir='ltr'><strong>meam</strong></span> <span class='ocrx_word' id='word_1_35' title='bbox 2742 581 2809 637; x_wconf 86' lang='lat' dir='ltr'><strong>ad</strong></span> <span class='ocrx_word' id='word_1_36' title='bbox 2843 597 3065 638; x_wconf 86' lang='lat' dir='ltr'><strong>manum</strong></span> <span class='ocrx_word' id='word_1_37' title='bbox 3090 596 3265 637; x_wconf 85' lang='lat' dir='ltr'><strong>meam</strong></span> <span class='ocrx_word' id='word_1_38' title='bbox 3290 583 3361 655; x_wconf 80' lang='lat' dir='ltr'><strong>(c)</strong></span> <span class='ocrx_word' id='word_1_39' title='bbox 3391 598 3485 638; x_wconf 86' lang='lat' dir='ltr'><strong>su-</strong></span> 
     </span>
     <span class='ocr_line' id='line_1_4' title="bbox 192 667 3487 745; baseline -0.002 -13"><span class='ocrx_word' id='word_1_40' title='bbox 192 672 367 741; x_wconf 74' lang='lat' dir='ltr'><strong>niat,</strong></span> <span class='ocrx_word' id='word_1_41' title='bbox 411 672 505 730; x_wconf 77' lang='lat' dir='ltr'><strong>cui</strong></span> <span class='ocrx_word' id='word_1_42' title='bbox 528 670 805 737; x_wconf 63' lang='lat' dir='ltr'><strong>convenil·</strong></span> <span class='ocrx_word' id='word_1_43' title='bbox 836 679 892 726; x_wconf 75' lang='grc' dir='ltr'><strong>ῠῑ</strong></span> <span class='ocrx_word' id='word_1_44' title='bbox 913 670 1125 726; x_wconf 58' lang='lat' dir='ltr'><strong>stadim</strong></span> <span class='ocrx_word' id='word_1_45' title='bbox 1148 669 1223 725; x_wconf 69' lang='lat'><strong>0³·</strong></span> <span class='ocrx_word' id='word_1_46' title='bbox 1248 670 1340 725; x_wconf 75' lang='lat'><strong>28·</strong></span> <span class='ocrx_word' id='word_1_47' title='bbox 1366 667 1435 723; x_wconf 81' lang='lat' dir='ltr'><strong>Et</strong></span> <span class='ocrx_word' id='word_1_48' title='bbox 1472 680 1569 733; x_wconf 73' lang='lat'><strong>²¹¹,</strong></span> <span class='ocrx_word' id='word_1_49' title='bbox 1605 667 1682 722; x_wconf 69' lang='lat' dir='ltr'><strong>flii</strong></span> <span class='ocrx_word' id='word_1_50' title='bbox 1711 667 1811 721; x_wconf 69' lang='lat'><strong>¹¹⁰·</strong></span> <span class='ocrx_word' id='word_1_51' title='bbox 1912 687 2011 743; x_wconf 89' lang='lat' dir='ltr'><strong>per</strong></span> <span class='ocrx_word' id='word_1_52' title='bbox 2041 673 2133 741; x_wconf 85' lang='lat' dir='ltr'><strong>iis,</strong></span> <span class='ocrx_word' id='word_1_53' title='bbox 2167 689 2289 744; x_wconf 67' lang='lat' dir='ltr'><strong>quac</strong></span> <span class='ocrx_word' id='word_1_54' title='bbox 2346 673 2763 739; x_wconf 76' lang='lat' dir='ltr'><strong>consummasti,</strong></span> <span class='ocrx_word' id='word_1_55' title='bbox 2809 687 2937 745; x_wconf 77' lang='lat' dir='ltr'><strong>quae</strong></span> <span class='ocrx_word' id='word_1_56' title='bbox 2987 672 3187 736; x_wconf 75' lang='lat' dir='ltr'><strong>fecisti,</strong></span> <span class='ocrx_word' id='word_1_57' title='bbox 3238 682 3289 728; x_wconf 87' lang='lat' dir='ltr'><strong>et</strong></span> <span class='ocrx_word' id='word_1_58' title='bbox 3324 688 3487 744; x_wconf 85' lang='lat' dir='ltr'><strong>super</strong></span> 
     </span>
     <span class='ocr_line' id='line_1_5' title="bbox 198 757 3488 837; baseline -0.004 -7"><span class='ocrx_word' id='word_1_59' title='bbox 198 765 426 830; x_wconf 59' lang='lat' dir='ltr'><strong>m‘mls·</strong></span> <span class='ocrx_word' id='word_1_60' title='bbox 457 765 747 835; x_wconf 59' lang='lat' dir='ltr'><strong>prophela-</strong></span> <span class='ocrx_word' id='word_1_61' title='bbox 775 771 832 818; x_wconf 70' lang='lat'><strong>0²</strong></span> <span class='ocrx_word' id='word_1_62' title='bbox 865 762 1020 818; x_wconf 70' lang='lat' dir='ltr'><strong>(¹500ss</strong></span> <span class='ocrx_word' id='word_1_63' title='bbox 1055 779 1070 816; x_wconf 67' lang='grc' dir='ltr'>ἕ</span> <span class='ocrx_word' id='word_1_64' title='bbox 1100 760 1228 818; x_wconf 69' lang='lat' dir='ltr'><strong>flaec</strong></span> <span class='ocrx_word' id='word_1_65' title='bbox 1263 760 1399 817; x_wconf 64' lang='lat' dir='ltr'><strong>diest</strong></span> <span class='ocrx_word' id='word_1_66' title='bbox 1432 757 1696 815; x_wconf 60' lang='lat' dir='ltr'><strong>Dominus</strong></span> <span class='ocrx_word' id='word_1_67' title='bbox 1727 757 1811 829; x_wconf 65' lang='lat'><strong>(⁸)</strong></span> <span class='ocrx_word' id='word_1_68' title='bbox 1913 766 2275 836; x_wconf 77' lang='lat' dir='ltr'><strong>sanguinibus</strong></span> <span class='ocrx_word' id='word_1_69' title='bbox 2314 765 2444 832; x_wconf 82' lang='lat' dir='ltr'><strong>tuis,</strong></span> <span class='ocrx_word' id='word_1_70' title='bbox 2475 764 2570 837; x_wconf 87' lang='lat' dir='ltr'><strong>qui</strong></span> <span class='ocrx_word' id='word_1_71' title='bbox 2601 764 2728 821; x_wconf 85' lang='lat' dir='ltr'><strong>sacti</strong></span> <span class='ocrx_word' id='word_1_72' title='bbox 2758 774 2883 820; x_wconf 88' lang='lat' dir='ltr'><strong>sunt</strong></span> <span class='ocrx_word' id='word_1_73' title='bbox 2918 765 2972 820; x_wconf 90' lang='lat' dir='ltr'><strong>iu</strong></span> <span class='ocrx_word' id='word_1_74' title='bbox 3008 762 3188 821; x_wconf 84' lang='lat' dir='ltr'><strong>medio</strong></span> <span class='ocrx_word' id='word_1_75' title='bbox 3208 763 3308 829; x_wconf 89' lang='lat' dir='ltr'><strong>tui,</strong></span> <span class='ocrx_word' id='word_1_76' title='bbox 3331 765 3419 818; x_wconf 74' lang='grc'><strong>14.</strong></span> <span class='ocrx_word' id='word_1_77' title='bbox 3443 764 3488 819; x_wconf 90' lang='lat' dir='ltr'><strong>si</strong></span> 
     </span>
     <span class='ocr_line' id='line_1_6' title="bbox 201 851 3488 924; baseline -0.001 -11"><span class='ocrx_word' id='word_1_78' title='bbox 201 858 502 914; x_wconf 78' lang='lat' dir='ltr'><strong>Dominus</strong></span> <span class='ocrx_word' id='word_1_79' title='bbox 529 856 598 912; x_wconf 86' lang='lat' dir='ltr'><strong>ad</strong></span> <span class='ocrx_word' id='word_1_80' title='bbox 633 855 776 912; x_wconf 84' lang='lat' dir='ltr'><strong>illios</strong></span> <span class='ocrx_word' id='word_1_81' title='bbox 802 856 1034 912; x_wconf 72' lang='lat' dir='ltr'><strong>Ammon</strong></span> <span class='ocrx_word' id='word_1_82' title='bbox 1057 893 1075 918; x_wconf 86' lang='lat'><strong>.</strong></span> <span class='ocrx_word' id='word_1_83' title='bbox 1124 862 1181 910; x_wconf 89' lang='lat' dir='ltr'><strong>et</strong></span> <span class='ocrx_word' id='word_1_84' title='bbox 1214 852 1284 908; x_wconf 69' lang='lat' dir='ltr'><strong>ad</strong></span> <span class='ocrx_word' id='word_1_85' title='bbox 1329 851 1685 924; x_wconf 73' lang='lat' dir='ltr'><strong>opprobrium</strong></span> <span class='ocrx_word' id='word_1_86' title='bbox 1714 865 1813 906; x_wconf 75' lang='lat' dir='ltr'><strong>eo-</strong></span> <span class='ocrx_word' id='word_1_87' title='bbox 1915 857 2212 914; x_wconf 87' lang='lat' dir='ltr'><strong>sustinebit</strong></span> <span class='ocrx_word' id='word_1_88' title='bbox 2249 858 2566 914; x_wconf 77' lang='lat' dir='ltr'><strong>cortuum?</strong></span> <span class='ocrx_word' id='word_1_89' title='bbox 2606 857 2653 913; x_wconf 86' lang='lat' dir='ltr'><strong>si</strong></span> <span class='ocrx_word' id='word_1_90' title='bbox 2698 856 3021 913; x_wconf 83' lang='lat' dir='ltr'><strong>detinebunt</strong></span> <span class='ocrx_word' id='word_1_91' title='bbox 3069 872 3265 912; x_wconf 89' lang='lat' dir='ltr'><strong>manus</strong></span> <span class='ocrx_word' id='word_1_92' title='bbox 3292 871 3488 913; x_wconf 81' lang='lat' dir='ltr'><strong>manus</strong></span> 
     </span>
     <span class='ocr_line' id='line_1_7' title="bbox 201 943 3488 1021; baseline -0.002 -15"><span class='ocrx_word' id='word_1_93' title='bbox 201 964 378 1011; x_wconf 78' lang='lat' dir='ltr'><strong>rum.</strong></span> <span class='ocrx_word' id='word_1_94' title='bbox 402 957 462 1005; x_wconf 86' lang='lat' dir='ltr'><strong>et</strong></span> <span class='ocrx_word' id='word_1_95' title='bbox 484 948 635 1006; x_wconf 84' lang='lat' dir='ltr'><strong>dices</strong></span> <span class='ocrx_word' id='word_1_96' title='bbox 666 965 684 1005; x_wconf 70' lang='grc' dir='ltr'><strong>ε</strong></span> <span class='ocrx_word' id='word_1_97' title='bbox 713 944 962 1013; x_wconf 88' lang='lat' dir='ltr'><strong>Gladius,</strong></span> <span class='ocrx_word' id='word_1_98' title='bbox 994 946 1209 1018; x_wconf 86' lang='lat' dir='ltr'><strong>gladius</strong></span> <span class='ocrx_word' id='word_1_99' title='bbox 1249 946 1570 1017; x_wconf 72' lang='lat' dir='ltr'><strong>evaginatus</strong></span> <span class='ocrx_word' id='word_1_100' title='bbox 1595 943 1664 1000; x_wconf 86' lang='lat' dir='ltr'><strong>ad</strong></span> <span class='ocrx_word' id='word_1_101' title='bbox 1697 959 1814 1002; x_wconf 83' lang='lat' dir='ltr'><strong>ma·</strong></span> <span class='ocrx_word' id='word_1_102' title='bbox 1917 958 2029 1005; x_wconf 77' lang='lat' dir='ltr'><strong>tuae</strong></span> <span class='ocrx_word' id='word_1_103' title='bbox 2058 948 2114 1004; x_wconf 88' lang='lat' dir='ltr'><strong>in</strong></span> <span class='ocrx_word' id='word_1_104' title='bbox 2146 949 2356 1017; x_wconf 88' lang='lat' dir='ltr'><strong>diebus,</strong></span> <span class='ocrx_word' id='word_1_105' title='bbox 2384 964 2525 1020; x_wconf 88' lang='lat' dir='ltr'><strong>quos</strong></span> <span class='ocrx_word' id='word_1_106' title='bbox 2552 964 2654 1021; x_wconf 82' lang='lat' dir='ltr'><strong>ego</strong></span> <span class='ocrx_word' id='word_1_107' title='bbox 2685 947 2827 1005; x_wconf 75' lang='lat' dir='ltr'><strong>facio</strong></span> <span class='ocrx_word' id='word_1_108' title='bbox 2867 949 2921 1004; x_wconf 92' lang='lat' dir='ltr'><strong>in</strong></span> <span class='ocrx_word' id='word_1_109' title='bbox 2954 947 3044 1004; x_wconf 74' lang='lat' dir='ltr'><strong>te!</strong></span> <span class='ocrx_word' id='word_1_110' title='bbox 3079 947 3190 1021; x_wconf 79' lang='lat' dir='ltr'><strong>Ego</strong></span> <span class='ocrx_word' id='word_1_111' title='bbox 3227 946 3488 1003; x_wconf 77' lang='lat' dir='ltr'><strong>Dominus</strong></span> 
     </span>
     <span class='ocr_line' id='line_1_8' title="bbox 199 1035 3490 1110; baseline -0.002 -13"><span class='ocrx_word' id='word_1_112' title='bbox 199 1039 529 1098; x_wconf 84' lang='lat' dir='ltr'><strong>ctationem</strong></span> <span class='ocrx_word' id='word_1_113' title='bbox 564 1081 580 1105; x_wconf 87' lang='lat'><strong>,</strong></span> <span class='ocrx_word' id='word_1_114' title='bbox 638 1047 696 1096; x_wconf 87' lang='lat' dir='ltr'><strong>ct</strong></span> <span class='ocrx_word' id='word_1_115' title='bbox 752 1039 1072 1108; x_wconf 72' lang='lat' dir='ltr'><strong>evaginatus</strong></span> <span class='ocrx_word' id='word_1_116' title='bbox 1114 1035 1184 1092; x_wconf 86' lang='lat' dir='ltr'><strong>ad</strong></span> <span class='ocrx_word' id='word_1_117' title='bbox 1254 1035 1812 1099; x_wconf 74' lang='lat' dir='ltr'><strong>consummationem.</strong></span> <span class='ocrx_word' id='word_1_118' title='bbox 1916 1039 2135 1096; x_wconf 86' lang='lat' dir='ltr'><strong>loeutus</strong></span> <span class='ocrx_word' id='word_1_119' title='bbox 2166 1055 2312 1104; x_wconf 89' lang='lat' dir='ltr'><strong>sum,</strong></span> <span class='ocrx_word' id='word_1_120' title='bbox 2358 1049 2414 1096; x_wconf 88' lang='lat' dir='ltr'><strong>et</strong></span> <span class='ocrx_word' id='word_1_121' title='bbox 2455 1040 2677 1096; x_wconf 76' lang='lat' dir='ltr'><strong>faciam.</strong></span> <span class='ocrx_word' id='word_1_122' title='bbox 2724 1040 2813 1095; x_wconf 80' lang='lat'><strong>¹5.</strong></span> <span class='ocrx_word' id='word_1_123' title='bbox 2870 1038 2939 1095; x_wconf 77' lang='lat' dir='ltr'><strong>Et</strong></span> <span class='ocrx_word' id='word_1_124' title='bbox 2988 1039 3302 1110; x_wconf 79' lang='lat' dir='ltr'><strong>dispergam</strong></span> <span class='ocrx_word' id='word_1_125' title='bbox 3346 1050 3397 1094; x_wconf 89' lang='lat' dir='ltr'><strong>te</strong></span> <span class='ocrx_word' id='word_1_126' title='bbox 3436 1037 3490 1092; x_wconf 90' lang='lat' dir='ltr'><strong>in</strong></span> 
     </span>
     <span class='ocr_line' id='line_1_9' title="bbox 202 1128 3498 1205; baseline -0.001 -17"><span class='ocrx_word' id='word_1_127' title='bbox 202 1147 421 1205; x_wconf 76' lang='lat' dir='ltr'><strong>surge,</strong></span> <span class='ocrx_word' id='word_1_128' title='bbox 458 1140 520 1189; x_wconf 90' lang='lat' dir='ltr'><strong>ut</strong></span> <span class='ocrx_word' id='word_1_129' title='bbox 550 1130 780 1203; x_wconf 77' lang='lat' dir='ltr'><strong>fulgeas,</strong></span> <span class='ocrx_word' id='word_1_130' title='bbox 804 1130 898 1186; x_wconf 76' lang='lat'><strong>29.</strong></span> <span class='ocrx_word' id='word_1_131' title='bbox 924 1132 979 1186; x_wconf 86' lang='lat' dir='ltr'><strong>in</strong></span> <span class='ocrx_word' id='word_1_132' title='bbox 1007 1131 1216 1186; x_wconf 76' lang='lat' dir='ltr'><strong>visione</strong></span> <span class='ocrx_word' id='word_1_133' title='bbox 1248 1137 1339 1183; x_wconf 88' lang='lat' dir='ltr'><strong>tua</strong></span> <span class='ocrx_word' id='word_1_134' title='bbox 1366 1143 1506 1184; x_wconf 81' lang='lat' dir='ltr'><strong>vana</strong></span> <span class='ocrx_word' id='word_1_135' title='bbox 1528 1166 1545 1194; x_wconf 91' lang='lat'><strong>,</strong></span> <span class='ocrx_word' id='word_1_136' title='bbox 1599 1138 1653 1183; x_wconf 88' lang='lat' dir='ltr'><strong>et</strong></span> <span class='ocrx_word' id='word_1_137' title='bbox 1688 1142 1812 1183; x_wconf 85' lang='lat' dir='ltr'><strong>cum</strong></span> <span class='ocrx_word' id='word_1_138' title='bbox 1915 1130 2195 1204; x_wconf 90' lang='lat' dir='ltr'><strong>gentibus,</strong></span> <span class='ocrx_word' id='word_1_139' title='bbox 2220 1139 2275 1187; x_wconf 85' lang='lat' dir='ltr'><strong>et</strong></span> <span class='ocrx_word' id='word_1_140' title='bbox 2303 1130 2677 1187; x_wconf 78' lang='lat' dir='ltr'><strong>disseminabo</strong></span> <span class='ocrx_word' id='word_1_141' title='bbox 2701 1140 2759 1187; x_wconf 89' lang='lat' dir='ltr'><strong>te</strong></span> <span class='ocrx_word' id='word_1_142' title='bbox 2791 1131 2846 1187; x_wconf 89' lang='lat' dir='ltr'><strong>in</strong></span> <span class='ocrx_word' id='word_1_143' title='bbox 2881 1131 3219 1202; x_wconf 81' lang='lat' dir='ltr'><strong>regionibus,</strong></span> <span class='ocrx_word' id='word_1_144' title='bbox 3275 1137 3332 1185; x_wconf 91' lang='lat' dir='ltr'><strong>et</strong></span> <span class='ocrx_word' id='word_1_145' title='bbox 3362 1128 3498 1184; x_wconf 86' lang='lat' dir='ltr'><strong>deil-</strong></span> 
     </span>
     <span class='ocr_line' id='line_1_10' title="bbox 202 1217 3491 1293; baseline -0.002 -11"><span class='ocrx_word' id='word_1_146' title='bbox 202 1223 511 1282; x_wconf 77' lang='lat' dir='ltr'><strong>divinabis</strong></span> <span class='ocrx_word' id='word_1_147' title='bbox 540 1222 700 1292; x_wconf 71' lang='lat' dir='ltr'><strong>falsa,</strong></span> <span class='ocrx_word' id='word_1_148' title='bbox 728 1222 796 1278; x_wconf 89' lang='lat' dir='ltr'><strong>ad</strong></span> <span class='ocrx_word' id='word_1_149' title='bbox 831 1220 1153 1279; x_wconf 87' lang='lat' dir='ltr'><strong>tradendum</strong></span> <span class='ocrx_word' id='word_1_150' title='bbox 1199 1231 1253 1279; x_wconf 88' lang='lat' dir='ltr'><strong>te</strong></span> <span class='ocrx_word' id='word_1_151' title='bbox 1291 1236 1456 1293; x_wconf 89' lang='lat' dir='ltr'><strong>super</strong></span> <span class='ocrx_word' id='word_1_152' title='bbox 1501 1220 1641 1278; x_wconf 86' lang='lat' dir='ltr'><strong>colia</strong></span> <span class='ocrx_word' id='word_1_153' title='bbox 1668 1217 1817 1276; x_wconf 88' lang='lat' dir='ltr'><strong>occi·</strong></span> <span class='ocrx_word' id='word_1_154' title='bbox 1916 1220 2026 1276; x_wconf 84' lang='lat' dir='ltr'><strong>ciet</strong></span> <span class='ocrx_word' id='word_1_155' title='bbox 2050 1220 2395 1275; x_wconf 76' lang='lat' dir='ltr'><strong>immunditia</strong></span> <span class='ocrx_word' id='word_1_156' title='bbox 2425 1227 2520 1275; x_wconf 87' lang='lat' dir='ltr'><strong>tna</strong></span> <span class='ocrx_word' id='word_1_157' title='bbox 2555 1236 2585 1274; x_wconf 93' lang='lat' dir='ltr'><strong>a</strong></span> <span class='ocrx_word' id='word_1_158' title='bbox 2616 1229 2670 1275; x_wconf 86' lang='lat' dir='ltr'><strong>te</strong></span> <span class='ocrx_word' id='word_1_159' title='bbox 2704 1238 2720 1275; x_wconf 75' lang='lat' dir='ltr'><strong><em>z</em></strong></span> <span class='ocrx_word' id='word_1_160' title='bbox 2753 1219 2842 1276; x_wconf 83' lang='grc'><strong>16.</strong></span> <span class='ocrx_word' id='word_1_161' title='bbox 2875 1220 2956 1292; x_wconf 81' lang='lat' dir='ltr'><strong>(d)</strong></span> <span class='ocrx_word' id='word_1_162' title='bbox 2993 1230 3053 1277; x_wconf 88' lang='lat' dir='ltr'><strong>et</strong></span> <span class='ocrx_word' id='word_1_163' title='bbox 3078 1219 3407 1276; x_wconf 82' lang='lat' dir='ltr'><strong>baereditabo</strong></span> <span class='ocrx_word' id='word_1_164' title='bbox 3436 1219 3491 1275; x_wconf 82' lang='lat' dir='ltr'><strong>in</strong></span> 
     </span>
     <span class='ocr_line' id='line_1_11' title="bbox 205 1310 3490 1388; baseline -0.002 -15"><span class='ocrx_word' id='word_1_165' title='bbox 205 1331 426 1374; x_wconf 81' lang='lat' dir='ltr'><strong>sorum</strong></span> <span class='ocrx_word' id='word_1_166' title='bbox 462 1316 797 1388; x_wconf 84' lang='lat' dir='ltr'><strong>iniquorum,</strong></span> <span class='ocrx_word' id='word_1_167' title='bbox 826 1328 1061 1386; x_wconf 87' lang='lat' dir='ltr'><strong>quorum</strong></span> <span class='ocrx_word' id='word_1_168' title='bbox 1106 1313 1257 1370; x_wconf 85' lang='lat' dir='ltr'><strong>venit</strong></span> <span class='ocrx_word' id='word_1_169' title='bbox 1287 1313 1404 1369; x_wconf 86' lang='lat' dir='ltr'><strong>dies</strong></span> <span class='ocrx_word' id='word_1_170' title='bbox 1453 1313 1509 1367; x_wconf 83' lang='lat' dir='ltr'><strong>in</strong></span> <span class='ocrx_word' id='word_1_171' title='bbox 1569 1323 1819 1383; x_wconf 88' lang='lat' dir='ltr'><strong>tempore</strong></span> <span class='ocrx_word' id='word_1_172' title='bbox 1917 1321 1971 1369; x_wconf 86' lang='lat' dir='ltr'><strong>te</strong></span> <span class='ocrx_word' id='word_1_173' title='bbox 1995 1320 2122 1369; x_wconf 85' lang='lat' dir='ltr'><strong>ante</strong></span> <span class='ocrx_word' id='word_1_174' title='bbox 2148 1312 2341 1368; x_wconf 92' lang='lat' dir='ltr'><strong>oculos</strong></span> <span class='ocrx_word' id='word_1_175' title='bbox 2378 1312 2645 1382; x_wconf 86' lang='lat' dir='ltr'><strong>gentium,</strong></span> <span class='ocrx_word' id='word_1_176' title='bbox 2667 1321 2721 1367; x_wconf 88' lang='lat' dir='ltr'><strong>et</strong></span> <span class='ocrx_word' id='word_1_177' title='bbox 2743 1311 2954 1378; x_wconf 88' lang='lat' dir='ltr'><strong>scietis,</strong></span> <span class='ocrx_word' id='word_1_178' title='bbox 3010 1310 3140 1383; x_wconf 84' lang='lat' dir='ltr'><strong>quia</strong></span> <span class='ocrx_word' id='word_1_179' title='bbox 3179 1327 3280 1382; x_wconf 88' lang='lat' dir='ltr'><strong>ego</strong></span> <span class='ocrx_word' id='word_1_180' title='bbox 3308 1312 3490 1368; x_wconf 87' lang='lat' dir='ltr'><strong>Domi-</strong></span> 
     </span>
     <span class='ocr_line' id='line_1_12' title="bbox 212 1401 3492 1478; baseline -0.002 -16"><span class='ocrx_word' id='word_1_181' title='bbox 212 1408 362 1464; x_wconf 77' lang='lat' dir='ltr'><strong>uuis</strong></span> <span class='ocrx_word' id='word_1_182' title='bbox 389 1406 692 1478; x_wconf 63' lang='lat' dir='ltr'><strong>iniustitiae.</strong></span> <span class='ocrx_word' id='word_1_183' title='bbox 721 1406 810 1467; x_wconf 76' lang='lat'><strong>5⁰.</strong></span> <span class='ocrx_word' id='word_1_184' title='bbox 838 1406 1158 1473; x_wconf 73' lang='lat' dir='ltr'><strong>Revertere,</strong></span> <span class='ocrx_word' id='word_1_185' title='bbox 1186 1418 1256 1463; x_wconf 87' lang='lat' dir='ltr'><strong>ne</strong></span> <span class='ocrx_word' id='word_1_186' title='bbox 1284 1405 1579 1475; x_wconf 83' lang='lat' dir='ltr'><strong>bospiteris</strong></span> <span class='ocrx_word' id='word_1_187' title='bbox 1611 1405 1666 1460; x_wconf 89' lang='lat' dir='ltr'><strong>in</strong></span> <span class='ocrx_word' id='word_1_188' title='bbox 1697 1404 1819 1461; x_wconf 87' lang='lat' dir='ltr'><strong>ioco</strong></span> <span class='ocrx_word' id='word_1_189' title='bbox 1920 1418 2047 1458; x_wconf 90' lang='lat' dir='ltr'><strong>nus.</strong></span> <span class='ocrx_word' id='word_1_190' title='bbox 2073 1402 2163 1459; x_wconf 81' lang='grc'><strong>17.</strong></span> <span class='ocrx_word' id='word_1_191' title='bbox 2196 1402 2265 1459; x_wconf 85' lang='grc' dir='ltr'>Ει</span> <span class='ocrx_word' id='word_1_192' title='bbox 2291 1401 2496 1458; x_wconf 79' lang='lat' dir='ltr'><strong>lactum</strong></span> <span class='ocrx_word' id='word_1_193' title='bbox 2534 1411 2619 1458; x_wconf 89' lang='lat' dir='ltr'><strong>est</strong></span> <span class='ocrx_word' id='word_1_194' title='bbox 2644 1402 2874 1458; x_wconf 80' lang='lat' dir='ltr'><strong>verbum</strong></span> <span class='ocrx_word' id='word_1_195' title='bbox 2923 1401 3141 1458; x_wconf 80' lang='lat' dir='ltr'><strong>Domini</strong></span> <span class='ocrx_word' id='word_1_196' title='bbox 3170 1401 3238 1457; x_wconf 86' lang='lat' dir='ltr'><strong>ad</strong></span> <span class='ocrx_word' id='word_1_197' title='bbox 3264 1416 3370 1468; x_wconf 89' lang='lat' dir='ltr'><strong>me,</strong></span> <span class='ocrx_word' id='word_1_198' title='bbox 3405 1401 3492 1456; x_wconf 89' lang='lat' dir='ltr'><strong>di-</strong></span> 
     </span>
     <span class='ocr_line' id='line_1_13' title="bbox 216 1491 3493 1572; baseline -0.002 -19"><span class='ocrx_word' id='word_1_199' title='bbox 216 1498 367 1566; x_wconf 81' lang='lat' dir='ltr'><strong>boc.</strong></span> <span class='ocrx_word' id='word_1_200' title='bbox 392 1514 506 1572; x_wconf 90' lang='lat' dir='ltr'><strong>quo</strong></span> <span class='ocrx_word' id='word_1_201' title='bbox 543 1507 708 1555; x_wconf 88' lang='lat' dir='ltr'><strong>natus</strong></span> <span class='ocrx_word' id='word_1_202' title='bbox 734 1513 818 1565; x_wconf 84' lang='lat' dir='ltr'><strong>es,</strong></span> <span class='ocrx_word' id='word_1_203' title='bbox 845 1499 899 1556; x_wconf 90' lang='lat' dir='ltr'><strong>in</strong></span> <span class='ocrx_word' id='word_1_204' title='bbox 925 1507 1072 1555; x_wconf 82' lang='lat' dir='ltr'><strong>terra</strong></span> <span class='ocrx_word' id='word_1_205' title='bbox 1096 1495 1178 1571; x_wconf 70' lang='grc' dir='ltr'><strong>(ε)</strong></span> <span class='ocrx_word' id='word_1_206' title='bbox 1206 1505 1298 1553; x_wconf 91' lang='lat' dir='ltr'><strong>tua</strong></span> <span class='ocrx_word' id='word_1_207' title='bbox 1328 1496 1589 1568; x_wconf 80' lang='lat' dir='ltr'><strong>judicabo</strong></span> <span class='ocrx_word' id='word_1_208' title='bbox 1619 1504 1695 1565; x_wconf 90' lang='lat' dir='ltr'><strong>te,</strong></span> <span class='ocrx_word' id='word_1_209' title='bbox 1721 1496 1812 1552; x_wconf 75' lang='lat'><strong>51.</strong></span> <span class='ocrx_word' id='word_1_210' title='bbox 1919 1509 2051 1551; x_wconf 87' lang='lat' dir='ltr'><strong>cens</strong></span> <span class='ocrx_word' id='word_1_211' title='bbox 2076 1513 2089 1549; x_wconf 75' lang='grc' dir='ltr'>ε</span> <span class='ocrx_word' id='word_1_212' title='bbox 2117 1493 2203 1550; x_wconf 86' lang='grc'><strong>18.</strong></span> <span class='ocrx_word' id='word_1_213' title='bbox 2232 1493 2335 1551; x_wconf 84' lang='lat' dir='ltr'><strong>Fili</strong></span> <span class='ocrx_word' id='word_1_214' title='bbox 2373 1492 2633 1561; x_wconf 82' lang='lat' dir='ltr'><strong>bominis,</strong></span> <span class='ocrx_word' id='word_1_215' title='bbox 2657 1507 2787 1550; x_wconf 91' lang='lat' dir='ltr'><strong>ecce</strong></span> <span class='ocrx_word' id='word_1_216' title='bbox 2813 1491 2941 1548; x_wconf 79' lang='lat' dir='ltr'><strong>faeti</strong></span> <span class='ocrx_word' id='word_1_217' title='bbox 2978 1500 3109 1548; x_wconf 90' lang='lat' dir='ltr'><strong>sunt</strong></span> <span class='ocrx_word' id='word_1_218' title='bbox 3134 1491 3269 1548; x_wconf 83' lang='lat' dir='ltr'><strong>mibi</strong></span> <span class='ocrx_word' id='word_1_219' title='bbox 3294 1492 3493 1551; x_wconf 82' lang='lat' dir='ltr'><strong>domus</strong></span> 
     </span>
     <span class='ocr_line' id='line_1_14' title="bbox 213 1582 3491 1661; baseline -0.003 -16"><span class='ocrx_word' id='word_1_220' title='bbox 213 1599 284 1646; x_wconf 89' lang='lat' dir='ltr'><strong>et</strong></span> <span class='ocrx_word' id='word_1_221' title='bbox 312 1588 598 1646; x_wconf 71' lang='lat' dir='ltr'><strong>effundam</strong></span> <span class='ocrx_word' id='word_1_222' title='bbox 630 1604 796 1661; x_wconf 84' lang='lat' dir='ltr'><strong>super</strong></span> <span class='ocrx_word' id='word_1_223' title='bbox 832 1596 886 1646; x_wconf 91' lang='lat' dir='ltr'><strong>te</strong></span> <span class='ocrx_word' id='word_1_224' title='bbox 914 1588 1157 1646; x_wconf 74' lang='lat' dir='ltr'><strong>furorem</strong></span> <span class='ocrx_word' id='word_1_225' title='bbox 1215 1602 1424 1654; x_wconf 85' lang='lat' dir='ltr'><strong>meum,</strong></span> <span class='ocrx_word' id='word_1_226' title='bbox 1470 1587 1527 1642; x_wconf 92' lang='lat' dir='ltr'><strong>in</strong></span> <span class='ocrx_word' id='word_1_227' title='bbox 1562 1586 1688 1658; x_wconf 84' lang='lat' dir='ltr'><strong>igne</strong></span> <span class='ocrx_word' id='word_1_228' title='bbox 1723 1587 1820 1643; x_wconf 79' lang='lat' dir='ltr'><strong>irae</strong></span> <span class='ocrx_word' id='word_1_229' title='bbox 1919 1585 2136 1643; x_wconf 81' lang='lat' dir='ltr'><strong>israelis</strong></span> <span class='ocrx_word' id='word_1_230' title='bbox 2167 1585 2241 1657; x_wconf 80' lang='lat' dir='ltr'><strong>(s)</strong></span> <span class='ocrx_word' id='word_1_231' title='bbox 2270 1585 2419 1641; x_wconf 86' lang='lat' dir='ltr'><strong>misti</strong></span> <span class='ocrx_word' id='word_1_232' title='bbox 2448 1599 2642 1642; x_wconf 86' lang='lat' dir='ltr'><strong>omnes</strong></span> <span class='ocrx_word' id='word_1_233' title='bbox 2671 1598 2801 1651; x_wconf 83' lang='lat' dir='ltr'><strong>aere,</strong></span> <span class='ocrx_word' id='word_1_234' title='bbox 2829 1593 2884 1639; x_wconf 91' lang='lat' dir='ltr'><strong>et</strong></span> <span class='ocrx_word' id='word_1_235' title='bbox 2909 1582 3077 1650; x_wconf 79' lang='lat' dir='ltr'><strong>ferro,</strong></span> <span class='ocrx_word' id='word_1_236' title='bbox 3118 1592 3175 1640; x_wconf 91' lang='lat' dir='ltr'><strong>et</strong></span> <span class='ocrx_word' id='word_1_237' title='bbox 3200 1595 3417 1648; x_wconf 83' lang='lat' dir='ltr'><strong>stanno,</strong></span> <span class='ocrx_word' id='word_1_238' title='bbox 3441 1592 3491 1637; x_wconf 84' lang='lat' dir='ltr'><strong>et</strong></span> 
     </span>
     <span class='ocr_line' id='line_1_15' title="bbox 223 1671 3495 1752; baseline -0.004 -15"><span class='ocrx_word' id='word_1_239' title='bbox 223 1697 379 1740; x_wconf 65' lang='lat' dir='ltr'><strong>mea</strong></span> <span class='ocrx_word' id='word_1_240' title='bbox 407 1679 640 1738; x_wconf 81' lang='lat' dir='ltr'><strong>sufflabo</strong></span> <span class='ocrx_word' id='word_1_241' title='bbox 668 1695 832 1752; x_wconf 89' lang='lat' dir='ltr'><strong>snper</strong></span> <span class='ocrx_word' id='word_1_242' title='bbox 854 1689 909 1736; x_wconf 88' lang='lat' dir='ltr'><strong>te</strong></span> <span class='ocrx_word' id='word_1_243' title='bbox 937 1694 954 1734; x_wconf 70' lang='grc' dir='ltr'><strong><em>ε</em></strong></span> <span class='ocrx_word' id='word_1_244' title='bbox 980 1689 1036 1737; x_wconf 86' lang='lat' dir='ltr'><strong>et</strong></span> <span class='ocrx_word' id='word_1_245' title='bbox 1064 1679 1275 1737; x_wconf 88' lang='lat' dir='ltr'><strong>tradam</strong></span> <span class='ocrx_word' id='word_1_246' title='bbox 1322 1687 1378 1734; x_wconf 90' lang='lat' dir='ltr'><strong>te</strong></span> <span class='ocrx_word' id='word_1_247' title='bbox 1431 1679 1486 1733; x_wconf 91' lang='lat' dir='ltr'><strong>in</strong></span> <span class='ocrx_word' id='word_1_248' title='bbox 1519 1692 1718 1734; x_wconf 84' lang='lat' dir='ltr'><strong>manus</strong></span> <span class='ocrx_word' id='word_1_249' title='bbox 1746 1677 1823 1732; x_wconf 77' lang='lat' dir='ltr'><strong>vi·</strong></span> <span class='ocrx_word' id='word_1_250' title='bbox 1921 1675 2146 1748; x_wconf 87' lang='lat' dir='ltr'><strong>plumbo</strong></span> <span class='ocrx_word' id='word_1_251' title='bbox 2171 1676 2227 1731; x_wconf 90' lang='lat' dir='ltr'><strong>in</strong></span> <span class='ocrx_word' id='word_1_252' title='bbox 2253 1674 2432 1731; x_wconf 88' lang='lat' dir='ltr'><strong>medio</strong></span> <span class='ocrx_word' id='word_1_253' title='bbox 2452 1676 2519 1743; x_wconf 79' lang='grc' dir='ltr'><strong>&gt;κ</strong></span> <span class='ocrx_word' id='word_1_254' title='bbox 2537 1673 2737 1729; x_wconf 85' lang='lat' dir='ltr'><strong>camini</strong></span> <span class='ocrx_word' id='word_1_255' title='bbox 2774 1676 2796 1744; x_wconf 72' lang='grc' dir='ltr'>ζ</span> <span class='ocrx_word' id='word_1_256' title='bbox 2823 1671 2892 1743; x_wconf 68' lang='grc' dir='ltr'><strong>(Ι)</strong></span> <span class='ocrx_word' id='word_1_257' title='bbox 2917 1671 3065 1727; x_wconf 89' lang='lat' dir='ltr'><strong>misti</strong></span> <span class='ocrx_word' id='word_1_258' title='bbox 3095 1677 3328 1743; x_wconf 86' lang='lat' dir='ltr'><strong>argento</strong></span> <span class='ocrx_word' id='word_1_259' title='bbox 3343 1679 3495 1725; x_wconf 85' lang='lat' dir='ltr'><strong>sunt.</strong></span> 
     </span>
     <span class='ocr_line' id='line_1_16' title="bbox 227 1761 3492 1841; baseline -0.004 -16"><span class='ocrx_word' id='word_1_260' title='bbox 227 1785 434 1826; x_wconf 77' lang='lat' dir='ltr'><strong>ros-um</strong></span> <span class='ocrx_word' id='word_1_261' title='bbox 491 1771 849 1827; x_wconf 82' lang='lat' dir='ltr'><strong>barbarorum</strong></span> <span class='ocrx_word' id='word_1_262' title='bbox 901 1769 1253 1827; x_wconf 81' lang='lat' dir='ltr'><strong>conflantium</strong></span> <span class='ocrx_word' id='word_1_263' title='bbox 1300 1767 1822 1841; x_wconf 87' lang='lat' dir='ltr'><strong>corruptionem.—</strong></span> <span class='ocrx_word' id='word_1_264' title='bbox 1925 1766 2019 1823; x_wconf 86' lang='grc'><strong>19.</strong></span> <span class='ocrx_word' id='word_1_265' title='bbox 2046 1766 2277 1837; x_wconf 78' lang='lat' dir='ltr'><strong>Propter</strong></span> <span class='ocrx_word' id='word_1_266' title='bbox 2298 1768 2404 1821; x_wconf 84' lang='lat' dir='ltr'><strong>boc</strong></span> <span class='ocrx_word' id='word_1_267' title='bbox 2421 1763 2543 1821; x_wconf 90' lang='lat' dir='ltr'><strong>dic:</strong></span> <span class='ocrx_word' id='word_1_268' title='bbox 2570 1762 2699 1820; x_wconf 72' lang='lat' dir='ltr'><strong>llaec</strong></span> <span class='ocrx_word' id='word_1_269' title='bbox 2732 1762 2869 1819; x_wconf 85' lang='lat' dir='ltr'><strong>dicit</strong></span> <span class='ocrx_word' id='word_1_270' title='bbox 2895 1762 3159 1819; x_wconf 82' lang='lat' dir='ltr'><strong>Dominus</strong></span> <span class='ocrx_word' id='word_1_271' title='bbox 3184 1761 3452 1817; x_wconf 84' lang='lat' dir='ltr'><strong>Dominus</strong></span> <span class='ocrx_word' id='word_1_272' title='bbox 3479 1779 3492 1812; x_wconf 93' lang='lat'><strong>:</strong></span> 
     </span>
     <span class='ocr_line' id='line_1_17' title="bbox 231 1830 3497 1933; baseline -0.003 -18"><span class='ocrx_word' id='word_1_273' title='bbox 231 1859 338 1915; x_wconf 77' lang='grc'><strong>32.</strong></span> <span class='ocrx_word' id='word_1_274' title='bbox 364 1859 422 1916; x_wconf 85' lang='lat' dir='ltr'><strong>ln</strong></span> <span class='ocrx_word' id='word_1_275' title='bbox 457 1859 584 1932; x_wconf 86' lang='lat' dir='ltr'><strong>igue</strong></span> <span class='ocrx_word' id='word_1_276' title='bbox 612 1861 721 1919; x_wconf 87' lang='lat' dir='ltr'><strong>eris</strong></span> <span class='ocrx_word' id='word_1_277' title='bbox 747 1860 927 1929; x_wconf 85' lang='lat' dir='ltr'><strong>cibus,</strong></span> <span class='ocrx_word' id='word_1_278' title='bbox 977 1860 1201 1933; x_wconf 84' lang='lat' dir='ltr'><strong>sanguis</strong></span> <span class='ocrx_word' id='word_1_279' title='bbox 1252 1868 1382 1916; x_wconf 88' lang='lat' dir='ltr'><strong>tuus</strong></span> <span class='ocrx_word' id='word_1_280' title='bbox 1425 1859 1533 1916; x_wconf 87' lang='lat' dir='ltr'><strong>erit</strong></span> <span class='ocrx_word' id='word_1_281' title='bbox 1553 1859 1612 1915; x_wconf 88' lang='lat' dir='ltr'><strong>in</strong></span> <span class='ocrx_word' id='word_1_282' title='bbox 1635 1858 1820 1916; x_wconf 85' lang='lat' dir='ltr'><strong>medio</strong></span> <span class='ocrx_word' id='word_1_283' title='bbox 1850 1830 1895 1888; x_wconf 68' lang='grc' dir='ltr'><strong><em>Β</em></strong></span> <span class='ocrx_word' id='word_1_284' title='bbox 1920 1856 2031 1914; x_wconf 82' lang='lat' dir='ltr'><strong>Pro</strong></span> <span class='ocrx_word' id='word_1_285' title='bbox 2056 1871 2123 1913; x_wconf 91' lang='lat' dir='ltr'><strong>eo</strong></span> <span class='ocrx_word' id='word_1_286' title='bbox 2145 1854 2292 1928; x_wconf 86' lang='lat' dir='ltr'><strong>quod</strong></span> <span class='ocrx_word' id='word_1_287' title='bbox 2317 1854 2448 1912; x_wconf 80' lang='lat' dir='ltr'><strong>sacti</strong></span> <span class='ocrx_word' id='word_1_288' title='bbox 2475 1856 2611 1912; x_wconf 87' lang='lat' dir='ltr'><strong>estis</strong></span> <span class='ocrx_word' id='word_1_289' title='bbox 2639 1869 2836 1911; x_wconf 88' lang='lat' dir='ltr'><strong>omnes</strong></span> <span class='ocrx_word' id='word_1_290' title='bbox 2861 1855 2918 1909; x_wconf 90' lang='lat' dir='ltr'><strong>in</strong></span> <span class='ocrx_word' id='word_1_291' title='bbox 2944 1869 3111 1909; x_wconf 87' lang='lat' dir='ltr'><strong>unam</strong></span> <span class='ocrx_word' id='word_1_292' title='bbox 3152 1852 3497 1909; x_wconf 89' lang='lat' dir='ltr'><strong>commistio-</strong></span> 
     </span>
    </p>
   </div>
   <div class='ocr_carea' id='block_1_3' title="bbox 232 1943 3499 2108">
    <p class='ocr_par' dir='ltr' id='par_1_3' title="bbox 232 1943 3499 2108">
     <span class='ocr_line' id='line_1_18' title="bbox 232 1943 3497 2023; baseline -0.004 -13"><span class='ocrx_word' id='word_1_293' title='bbox 232 1961 406 2010; x_wconf 73' lang='lat' dir='ltr'><strong>terrae</strong></span> <span class='ocrx_word' id='word_1_294' title='bbox 432 1964 575 2009; x_wconf 81' lang='lat' dir='ltr'><strong>tuae:</strong></span> <span class='ocrx_word' id='word_1_295' title='bbox 602 1967 711 2010; x_wconf 89' lang='lat' dir='ltr'><strong>non</strong></span> <span class='ocrx_word' id='word_1_296' title='bbox 737 1953 845 2011; x_wconf 88' lang='lat' dir='ltr'><strong>erit</strong></span> <span class='ocrx_word' id='word_1_297' title='bbox 869 1953 1136 2012; x_wconf 85' lang='lat' dir='ltr'><strong>memoria</strong></span> <span class='ocrx_word' id='word_1_298' title='bbox 1163 1953 1263 2020; x_wconf 85' lang='lat' dir='ltr'><strong>tui,</strong></span> <span class='ocrx_word' id='word_1_299' title='bbox 1286 1951 1417 2023; x_wconf 85' lang='lat' dir='ltr'><strong>quia</strong></span> <span class='ocrx_word' id='word_1_300' title='bbox 1437 1965 1540 2021; x_wconf 81' lang='lat' dir='ltr'><strong>ego</strong></span> <span class='ocrx_word' id='word_1_301' title='bbox 1555 1949 1822 2009; x_wconf 85' lang='lat' dir='ltr'><strong>Dominus</strong></span> <span class='ocrx_word' id='word_1_302' title='bbox 1919 1960 2069 2012; x_wconf 90' lang='lat' dir='ltr'><strong>nem,</strong></span> <span class='ocrx_word' id='word_1_303' title='bbox 2098 1954 2321 2017; x_wconf 75' lang='lat' dir='ltr'><strong>propter</strong></span> <span class='ocrx_word' id='word_1_304' title='bbox 2347 1945 2452 2001; x_wconf 88' lang='lat' dir='ltr'><strong>boc</strong></span> <span class='ocrx_word' id='word_1_305' title='bbox 2481 1960 2610 2001; x_wconf 91' lang='lat' dir='ltr'><strong>ecce</strong></span> <span class='ocrx_word' id='word_1_306' title='bbox 2664 1958 2767 2016; x_wconf 85' lang='lat' dir='ltr'><strong>ego</strong></span> <span class='ocrx_word' id='word_1_307' title='bbox 2808 1943 3066 2015; x_wconf 78' lang='lat' dir='ltr'><strong>recipiam</strong></span> <span class='ocrx_word' id='word_1_308' title='bbox 3096 1958 3196 1999; x_wconf 83' lang='lat' dir='ltr'><strong>vos</strong></span> <span class='ocrx_word' id='word_1_309' title='bbox 3230 1944 3285 1999; x_wconf 91' lang='lat' dir='ltr'><strong>in</strong></span> <span class='ocrx_word' id='word_1_310' title='bbox 3316 1943 3497 1998; x_wconf 87' lang='lat' dir='ltr'><strong>medio</strong></span> 
     </span>
     <span class='ocr_line' id='line_1_19' title="bbox 237 2035 3499 2108; baseline -0.002 -11"><span class='ocrx_word' id='word_1_311' title='bbox 237 2042 462 2098; x_wconf 85' lang='lat' dir='ltr'><strong>locutus</strong></span> <span class='ocrx_word' id='word_1_312' title='bbox 485 2057 632 2097; x_wconf 90' lang='lat' dir='ltr'><strong>sum.</strong></span> <span class='ocrx_word' id='word_1_313' title='bbox 1919 2037 2247 2093; x_wconf 72' lang='lat' dir='ltr'><strong>Jerusalem.</strong></span> <span class='ocrx_word' id='word_1_314' title='bbox 2279 2035 2371 2092; x_wconf 82' lang='grc'><strong>20.</strong></span> <span class='ocrx_word' id='word_1_315' title='bbox 2407 2035 2559 2092; x_wconf 86' lang='lat' dir='ltr'><strong>Sicut</strong></span> <span class='ocrx_word' id='word_1_316' title='bbox 2594 2036 2854 2108; x_wconf 85' lang='lat' dir='ltr'><strong>recipitur</strong></span> <span class='ocrx_word' id='word_1_317' title='bbox 2894 2045 3204 2108; x_wconf 80' lang='lat' dir='ltr'><strong>argentum,</strong></span> <span class='ocrx_word' id='word_1_318' title='bbox 3237 2045 3290 2092; x_wconf 87' lang='lat' dir='ltr'><strong>et</strong></span> <span class='ocrx_word' id='word_1_319' title='bbox 3317 2050 3415 2101; x_wconf 82' lang='lat' dir='ltr'><strong>aes,</strong></span> <span class='ocrx_word' id='word_1_320' title='bbox 3445 2044 3499 2089; x_wconf 89' lang='lat' dir='ltr'><strong>ct</strong></span> 
     </span>
    </p>
   </div>
   <div class='ocr_carea' id='block_1_4' title="bbox 317 2127 3499 2200">
    <p class='ocr_par' dir='ltr' id='par_1_4' title="bbox 317 2127 3499 2200">
     <span class='ocr_line' id='line_1_20' title="bbox 317 2127 3499 2200; baseline -0.001 -13"><span class='ocrx_word' id='word_1_321' title='bbox 317 2130 474 2188; x_wconf 72' lang='lat' dir='ltr'><strong>CAP.</strong></span> <span class='ocrx_word' id='word_1_322' title='bbox 501 2128 744 2185; x_wconf 62' lang='grc'><strong>11101.-</strong></span> <span class='ocrx_word' id='word_1_323' title='bbox 767 2131 817 2185; x_wconf 88' lang='grc'><strong>1.</strong></span> <span class='ocrx_word' id='word_1_324' title='bbox 854 2129 922 2186; x_wconf 84' lang='lat' dir='ltr'><strong>Et</strong></span> <span class='ocrx_word' id='word_1_325' title='bbox 951 2129 1252 2186; x_wconf 71' lang='lat' dir='ltr'><strong>factumest</strong></span> <span class='ocrx_word' id='word_1_326' title='bbox 1276 2129 1504 2186; x_wconf 83' lang='lat' dir='ltr'><strong>verbum</strong></span> <span class='ocrx_word' id='word_1_327' title='bbox 1519 2128 1739 2187; x_wconf 87' lang='lat' dir='ltr'><strong>Domini</strong></span> <span class='ocrx_word' id='word_1_328' title='bbox 1756 2129 1824 2188; x_wconf 83' lang='lat' dir='ltr'><strong>ad</strong></span> <span class='ocrx_word' id='word_1_329' title='bbox 1923 2127 2153 2197; x_wconf 79' lang='lat' dir='ltr'><strong>ferrum,</strong></span> <span class='ocrx_word' id='word_1_330' title='bbox 2183 2137 2238 2184; x_wconf 91' lang='lat' dir='ltr'><strong>et</strong></span> <span class='ocrx_word' id='word_1_331' title='bbox 2261 2137 2540 2195; x_wconf 88' lang='lat' dir='ltr'><strong>stannum,</strong></span> <span class='ocrx_word' id='word_1_332' title='bbox 2581 2138 2636 2185; x_wconf 88' lang='lat' dir='ltr'><strong>et</strong></span> <span class='ocrx_word' id='word_1_333' title='bbox 2694 2129 2974 2200; x_wconf 86' lang='lat' dir='ltr'><strong>plumbum</strong></span> <span class='ocrx_word' id='word_1_334' title='bbox 3029 2130 3086 2185; x_wconf 93' lang='lat' dir='ltr'><strong>in</strong></span> <span class='ocrx_word' id='word_1_335' title='bbox 3134 2130 3371 2185; x_wconf 89' lang='lat' dir='ltr'><strong>medium</strong></span> <span class='ocrx_word' id='word_1_336' title='bbox 3404 2143 3499 2185; x_wconf 82' lang='lat' dir='ltr'><strong>ca-</strong></span> 
     </span>
    </p>
   </div>
   <div class='ocr_carea' id='block_1_5' title="bbox 232 2219 1827 3110">
    <p class='ocr_par' dir='ltr' id='par_1_5' title="bbox 232 2219 1827 3110">
     <span class='ocr_line' id='line_1_21' title="bbox 241 2219 1823 2293; baseline -0.001 -15"><span class='ocrx_word' id='word_1_337' title='bbox 241 2236 359 2287; x_wconf 82' lang='lat' dir='ltr'><strong>me,</strong></span> <span class='ocrx_word' id='word_1_338' title='bbox 380 2221 567 2278; x_wconf 80' lang='lat' dir='ltr'><strong>dicens</strong></span> <span class='ocrx_word' id='word_1_339' title='bbox 594 2220 685 2276; x_wconf 73' lang='lat'><strong>22.</strong></span> <span class='ocrx_word' id='word_1_340' title='bbox 704 2220 861 2288; x_wconf 79' lang='lat' dir='ltr'><strong>Ettu,</strong></span> <span class='ocrx_word' id='word_1_341' title='bbox 894 2221 968 2278; x_wconf 86' lang='lat' dir='ltr'><strong>illi</strong></span> <span class='ocrx_word' id='word_1_342' title='bbox 992 2219 1254 2286; x_wconf 86' lang='lat' dir='ltr'><strong>hominis,</strong></span> <span class='ocrx_word' id='word_1_343' title='bbox 1279 2222 1325 2278; x_wconf 89' lang='lat' dir='ltr'><strong>si</strong></span> <span class='ocrx_word' id='word_1_344' title='bbox 1336 2221 1571 2293; x_wconf 85' lang='lat' dir='ltr'><strong>judicas,</strong></span> <span class='ocrx_word' id='word_1_345' title='bbox 1602 2229 1823 2279; x_wconf 90' lang='lat' dir='ltr'><strong>autnon</strong></span> 
     </span>
     <span class='ocr_line' id='line_1_22' title="bbox 232 2309 1824 2381; baseline 0.003 -18"><span class='ocrx_word' id='word_1_346' title='bbox 232 2309 464 2381; x_wconf 80' lang='lat' dir='ltr'><strong>judicas</strong></span> <span class='ocrx_word' id='word_1_347' title='bbox 499 2309 692 2366; x_wconf 84' lang='lat' dir='ltr'><strong>urbem</strong></span> <span class='ocrx_word' id='word_1_348' title='bbox 737 2309 1103 2380; x_wconf 72' lang='lat' dir='ltr'><strong>sanguinum?</strong></span> <span class='ocrx_word' id='word_1_349' title='bbox 1159 2319 1214 2366; x_wconf 89' lang='lat' dir='ltr'><strong>et</strong></span> <span class='ocrx_word' id='word_1_350' title='bbox 1262 2310 1493 2367; x_wconf 79' lang='lat' dir='ltr'><strong>ostende</strong></span> <span class='ocrx_word' id='word_1_351' title='bbox 1533 2310 1586 2366; x_wconf 84' lang='lat' dir='ltr'><strong>ei</strong></span> <span class='ocrx_word' id='word_1_352' title='bbox 1630 2325 1824 2369; x_wconf 83' lang='lat' dir='ltr'><strong>omnes</strong></span> 
     </span>
     <span class='ocr_line' id='line_1_23' title="bbox 239 2399 1825 2473; baseline 0.002 -18"><span class='ocrx_word' id='word_1_353' title='bbox 239 2400 569 2471; x_wconf 81' lang='lat' dir='ltr'><strong>iniquitates</strong></span> <span class='ocrx_word' id='word_1_354' title='bbox 592 2414 746 2466; x_wconf 88' lang='lat' dir='ltr'><strong>suas,</strong></span> <span class='ocrx_word' id='word_1_355' title='bbox 776 2400 831 2456; x_wconf 72' lang='grc' dir='ltr'><strong>ὃ.</strong></span> <span class='ocrx_word' id='word_1_356' title='bbox 860 2409 917 2456; x_wconf 88' lang='lat' dir='ltr'><strong>et</strong></span> <span class='ocrx_word' id='word_1_357' title='bbox 941 2399 1123 2458; x_wconf 80' lang='lat' dir='ltr'><strong>dices:</strong></span> <span class='ocrx_word' id='word_1_358' title='bbox 1152 2399 1280 2457; x_wconf 64' lang='lat' dir='ltr'><strong>Hac</strong></span> <span class='ocrx_word' id='word_1_359' title='bbox 1305 2399 1437 2458; x_wconf 89' lang='lat' dir='ltr'><strong>dicit</strong></span> <span class='ocrx_word' id='word_1_360' title='bbox 1460 2403 1537 2473; x_wconf 74' lang='lat' dir='ltr'><strong>(y)</strong></span> <span class='ocrx_word' id='word_1_361' title='bbox 1562 2399 1825 2458; x_wconf 85' lang='lat' dir='ltr'><strong>Dominus</strong></span> 
     </span>
     <span class='ocr_line' id='line_1_24' title="bbox 241 2490 1825 2566; baseline 0.003 -19"><span class='ocrx_word' id='word_1_362' title='bbox 241 2490 324 2564; x_wconf 72' lang='lat' dir='ltr'><strong>(a)</strong></span> <span class='ocrx_word' id='word_1_363' title='bbox 356 2491 658 2549; x_wconf 84' lang='lat' dir='ltr'><strong>Dominus:</strong></span> <span class='ocrx_word' id='word_1_364' title='bbox 688 2491 732 2548; x_wconf 89' lang='lat'>0</span> <span class='ocrx_word' id='word_1_365' title='bbox 763 2492 895 2550; x_wconf 84' lang='lat' dir='ltr'><strong>urbs</strong></span> <span class='ocrx_word' id='word_1_366' title='bbox 927 2493 1211 2550; x_wconf 75' lang='lat' dir='ltr'><strong>effundens</strong></span> <span class='ocrx_word' id='word_1_367' title='bbox 1236 2494 1531 2566; x_wconf 85' lang='lat' dir='ltr'><strong>sanguines</strong></span> <span class='ocrx_word' id='word_1_368' title='bbox 1559 2493 1614 2550; x_wconf 86' lang='lat' dir='ltr'><strong>in</strong></span> <span class='ocrx_word' id='word_1_369' title='bbox 1645 2493 1825 2552; x_wconf 87' lang='lat' dir='ltr'><strong>medio</strong></span> 
     </span>
     <span class='ocr_line' id='line_1_25' title="bbox 235 2584 1824 2656; baseline 0.001 -16"><span class='ocrx_word' id='word_1_370' title='bbox 235 2585 354 2650; x_wconf 87' lang='lat' dir='ltr'><strong>sui,</strong></span> <span class='ocrx_word' id='word_1_371' title='bbox 386 2593 448 2640; x_wconf 89' lang='lat' dir='ltr'><strong>ut</strong></span> <span class='ocrx_word' id='word_1_372' title='bbox 475 2584 661 2642; x_wconf 80' lang='lat' dir='ltr'><strong>veniat</strong></span> <span class='ocrx_word' id='word_1_373' title='bbox 685 2592 900 2656; x_wconf 89' lang='lat' dir='ltr'><strong>tempus</strong></span> <span class='ocrx_word' id='word_1_374' title='bbox 928 2584 1072 2655; x_wconf 85' lang='lat' dir='ltr'><strong>ejtts,</strong></span> <span class='ocrx_word' id='word_1_375' title='bbox 1111 2594 1167 2641; x_wconf 91' lang='lat' dir='ltr'><strong>et</strong></span> <span class='ocrx_word' id='word_1_376' title='bbox 1211 2584 1425 2642; x_wconf 75' lang='lat' dir='ltr'><strong>faciens</strong></span> <span class='ocrx_word' id='word_1_377' title='bbox 1467 2585 1824 2654; x_wconf 82' lang='lat' dir='ltr'><strong>cogitationes</strong></span> 
     </span>
     <span class='ocr_line' id='line_1_26' title="bbox 237 2670 1826 2745; baseline -0.002 -15"><span class='ocrx_word' id='word_1_378' title='bbox 237 2682 439 2730; x_wconf 80' lang='lat' dir='ltr'><strong>contra</strong></span> <span class='ocrx_word' id='word_1_379' title='bbox 469 2670 846 2745; x_wconf 82' lang='lat' dir='ltr'><strong>semetipsam,</strong></span> <span class='ocrx_word' id='word_1_380' title='bbox 882 2672 953 2729; x_wconf 90' lang='lat' dir='ltr'><strong>ad</strong></span> <span class='ocrx_word' id='word_1_381' title='bbox 992 2671 1349 2745; x_wconf 85' lang='lat' dir='ltr'><strong>polluendum</strong></span> <span class='ocrx_word' id='word_1_382' title='bbox 1402 2687 1482 2730; x_wconf 86' lang='lat' dir='ltr'><strong>se.</strong></span> <span class='ocrx_word' id='word_1_383' title='bbox 1522 2673 1576 2727; x_wconf 73' lang='lat'><strong>4.</strong></span> <span class='ocrx_word' id='word_1_384' title='bbox 1613 2671 1668 2729; x_wconf 90' lang='lat' dir='ltr'><strong>ln</strong></span> <span class='ocrx_word' id='word_1_385' title='bbox 1699 2687 1826 2728; x_wconf 86' lang='lat' dir='ltr'><strong>san·</strong></span> 
     </span>
     <span class='ocr_line' id='line_1_27' title="bbox 238 2762 1826 2836; baseline 0.001 -18"><span class='ocrx_word' id='word_1_386' title='bbox 238 2764 504 2836; x_wconf 83' lang='lat' dir='ltr'><strong>guinibus</strong></span> <span class='ocrx_word' id='word_1_387' title='bbox 531 2778 745 2832; x_wconf 88' lang='lat' dir='ltr'><strong>eorum,</strong></span> <span class='ocrx_word' id='word_1_388' title='bbox 776 2778 917 2835; x_wconf 90' lang='lat' dir='ltr'><strong>quos</strong></span> <span class='ocrx_word' id='word_1_389' title='bbox 941 2762 1203 2830; x_wconf 76' lang='lat' dir='ltr'><strong>effudisti,</strong></span> <span class='ocrx_word' id='word_1_390' title='bbox 1236 2762 1482 2821; x_wconf 82' lang='lat' dir='ltr'><strong>cecidisti</strong></span> <span class='ocrx_word' id='word_1_391' title='bbox 1514 2780 1529 2818; x_wconf 82' lang='lat' dir='ltr'><strong><em>z</em></strong></span> <span class='ocrx_word' id='word_1_392' title='bbox 1562 2770 1618 2819; x_wconf 92' lang='lat' dir='ltr'><strong>et</strong></span> <span class='ocrx_word' id='word_1_393' title='bbox 1648 2763 1704 2819; x_wconf 90' lang='lat' dir='ltr'><strong>in</strong></span> <span class='ocrx_word' id='word_1_394' title='bbox 1732 2778 1826 2820; x_wconf 86' lang='lat' dir='ltr'><strong>co-</strong></span> 
     </span>
     <span class='ocr_line' id='line_1_28' title="bbox 239 2850 1825 2926; baseline 0.001 -18"><span class='ocrx_word' id='word_1_395' title='bbox 239 2852 601 2925; x_wconf 75' lang='lat' dir='ltr'><strong>gitationibus</strong></span> <span class='ocrx_word' id='word_1_396' title='bbox 636 2851 766 2919; x_wconf 88' lang='lat' dir='ltr'><strong>tuis,</strong></span> <span class='ocrx_word' id='word_1_397' title='bbox 817 2869 956 2924; x_wconf 88' lang='lat' dir='ltr'><strong>quas</strong></span> <span class='ocrx_word' id='word_1_398' title='bbox 999 2850 1216 2922; x_wconf 78' lang='lat' dir='ltr'><strong>fecisti,</strong></span> <span class='ocrx_word' id='word_1_399' title='bbox 1270 2853 1473 2926; x_wconf 85' lang='lat' dir='ltr'><strong>polluta</strong></span> <span class='ocrx_word' id='word_1_400' title='bbox 1533 2852 1732 2909; x_wconf 78' lang='lat' dir='ltr'><strong>suisti:</strong></span> <span class='ocrx_word' id='word_1_401' title='bbox 1767 2862 1825 2910; x_wconf 89' lang='lat' dir='ltr'><strong>et</strong></span> 
     </span>
     <span class='ocr_line' id='line_1_29' title="bbox 239 2941 1824 3016; baseline 0.001 -16"><span class='ocrx_word' id='word_1_402' title='bbox 239 2945 686 3016; x_wconf 69' lang='lat' dir='ltr'><strong>appropinquare</strong></span> <span class='ocrx_word' id='word_1_403' title='bbox 713 2941 891 3001; x_wconf 79' lang='lat' dir='ltr'><strong>iecisti</strong></span> <span class='ocrx_word' id='word_1_404' title='bbox 919 2945 1038 3002; x_wconf 88' lang='lat' dir='ltr'><strong>dies</strong></span> <span class='ocrx_word' id='word_1_405' title='bbox 1068 2954 1211 3010; x_wconf 88' lang='lat' dir='ltr'><strong>tuos.</strong></span> <span class='ocrx_word' id='word_1_406' title='bbox 1240 2954 1295 3001; x_wconf 90' lang='lat' dir='ltr'><strong>et</strong></span> <span class='ocrx_word' id='word_1_407' title='bbox 1318 2943 1596 3002; x_wconf 79' lang='lat' dir='ltr'><strong>adduxisti</strong></span> <span class='ocrx_word' id='word_1_408' title='bbox 1609 2951 1824 3016; x_wconf 83' lang='lat' dir='ltr'><strong>tempus</strong></span> 
     </span>
     <span class='ocr_line' id='line_1_30' title="bbox 243 3037 1827 3110; baseline 0.004 -21"><span class='ocrx_word' id='word_1_409' title='bbox 243 3050 520 3092; x_wconf 83' lang='lat' dir='ltr'><strong>annorum</strong></span> <span class='ocrx_word' id='word_1_410' title='bbox 555 3046 799 3095; x_wconf 90' lang='lat' dir='ltr'><strong>tuorum.</strong></span> <span class='ocrx_word' id='word_1_411' title='bbox 834 3037 1063 3110; x_wconf 80' lang='lat' dir='ltr'><strong>Propter</strong></span> <span class='ocrx_word' id='word_1_412' title='bbox 1093 3037 1199 3094; x_wconf 81' lang='lat' dir='ltr'><strong>hoe</strong></span> <span class='ocrx_word' id='word_1_413' title='bbox 1256 3037 1382 3094; x_wconf 87' lang='lat' dir='ltr'><strong>dedi</strong></span> <span class='ocrx_word' id='word_1_414' title='bbox 1442 3046 1496 3094; x_wconf 90' lang='lat' dir='ltr'><strong>te</strong></span> <span class='ocrx_word' id='word_1_415' title='bbox 1538 3037 1596 3092; x_wconf 87' lang='lat' dir='ltr'><strong>in</strong></span> <span class='ocrx_word' id='word_1_416' title='bbox 1626 3052 1827 3110; x_wconf 84' lang='lat' dir='ltr'><strong>oppro-</strong></span> 
     </span>
    </p>
   </div>
   <div class='ocr_carea' id='block_1_6' title="bbox 1922 2220 3503 3116">
    <p class='ocr_par' dir='ltr' id='par_1_6' title="bbox 1922 2220 3503 3116">
     <span class='ocr_line' id='line_1_31' title="bbox 1924 2220 3499 2295; baseline 0.001 -18"><span class='ocrx_word' id='word_1_417' title='bbox 1924 2220 2082 2288; x_wconf 84' lang='lat' dir='ltr'><strong>mini,</strong></span> <span class='ocrx_word' id='word_1_418' title='bbox 2113 2221 2183 2277; x_wconf 85' lang='lat' dir='ltr'><strong>ad</strong></span> <span class='ocrx_word' id='word_1_419' title='bbox 2210 2221 2535 2277; x_wconf 81' lang='lat' dir='ltr'><strong>sufflandum</strong></span> <span class='ocrx_word' id='word_1_420' title='bbox 2561 2222 2616 2277; x_wconf 90' lang='lat' dir='ltr'><strong>in</strong></span> <span class='ocrx_word' id='word_1_421' title='bbox 2642 2221 2774 2278; x_wconf 88' lang='lat' dir='ltr'><strong>illud</strong></span> <span class='ocrx_word' id='word_1_422' title='bbox 2800 2223 3078 2295; x_wconf 87' lang='lat' dir='ltr'><strong>ignem,ut</strong></span> <span class='ocrx_word' id='word_1_423' title='bbox 3104 2222 3389 2287; x_wconf 85' lang='lat' dir='ltr'><strong>confletur,</strong></span> <span class='ocrx_word' id='word_1_424' title='bbox 3425 2223 3499 2278; x_wconf 83' lang='lat' dir='ltr'><strong>ita</strong></span> 
     </span>
     <span class='ocr_line' id='line_1_32' title="bbox 1926 2313 3501 2386; baseline 0.001 -16"><span class='ocrx_word' id='word_1_425' title='bbox 1926 2313 2184 2386; x_wconf 85' lang='lat' dir='ltr'><strong>recipiam</strong></span> <span class='ocrx_word' id='word_1_426' title='bbox 2216 2329 2316 2372; x_wconf 79' lang='lat' dir='ltr'><strong>vos</strong></span> <span class='ocrx_word' id='word_1_427' title='bbox 2336 2316 2390 2370; x_wconf 91' lang='lat' dir='ltr'><strong>in</strong></span> <span class='ocrx_word' id='word_1_428' title='bbox 2425 2315 2507 2372; x_wconf 85' lang='lat' dir='ltr'><strong>ira</strong></span> <span class='ocrx_word' id='word_1_429' title='bbox 2552 2330 2693 2381; x_wconf 84' lang='lat' dir='ltr'><strong>mea,</strong></span> <span class='ocrx_word' id='word_1_430' title='bbox 2726 2319 2863 2386; x_wconf 74' lang='lat' dir='ltr'><strong>&gt;t(et</strong></span> <span class='ocrx_word' id='word_1_431' title='bbox 2889 2317 2943 2371; x_wconf 91' lang='lat' dir='ltr'><strong>in</strong></span> <span class='ocrx_word' id='word_1_432' title='bbox 2973 2315 3157 2372; x_wconf 80' lang='lat' dir='ltr'><strong>lurore</strong></span> <span class='ocrx_word' id='word_1_433' title='bbox 3178 2317 3204 2385; x_wconf 70' lang='grc' dir='ltr'>ζ</span> <span class='ocrx_word' id='word_1_434' title='bbox 3226 2357 3245 2383; x_wconf 82' lang='grc'><em>,</em></span> <span class='ocrx_word' id='word_1_435' title='bbox 3276 2325 3333 2372; x_wconf 89' lang='lat' dir='ltr'><strong>et</strong></span> <span class='ocrx_word' id='word_1_436' title='bbox 3366 2331 3501 2372; x_wconf 90' lang='lat' dir='ltr'><strong>con·</strong></span> 
     </span>
     <span class='ocr_line' id='line_1_33' title="bbox 1923 2404 3496 2480; baseline 0.002 -20"><span class='ocrx_word' id='word_1_437' title='bbox 1923 2405 2181 2479; x_wconf 81' lang='lat' dir='ltr'><strong>gregabo,</strong></span> <span class='ocrx_word' id='word_1_438' title='bbox 2203 2413 2260 2461; x_wconf 92' lang='lat' dir='ltr'><strong>et</strong></span> <span class='ocrx_word' id='word_1_439' title='bbox 2275 2404 2526 2462; x_wconf 79' lang='lat' dir='ltr'><strong>conflabo</strong></span> <span class='ocrx_word' id='word_1_440' title='bbox 2546 2421 2662 2474; x_wconf 72' lang='lat' dir='ltr'><strong>vos,</strong></span> <span class='ocrx_word' id='word_1_441' title='bbox 2682 2405 2773 2461; x_wconf 83' lang='grc'><strong>21.</strong></span> <span class='ocrx_word' id='word_1_442' title='bbox 2805 2409 2876 2474; x_wconf 70' lang='lat'><strong>3⁸&lt;</strong></span> <span class='ocrx_word' id='word_1_443' title='bbox 2891 2416 2947 2462; x_wconf 87' lang='lat' dir='ltr'><strong>et</strong></span> <span class='ocrx_word' id='word_1_444' title='bbox 2961 2410 3308 2480; x_wconf 76' lang='lat' dir='ltr'><strong>congregabo</strong></span> <span class='ocrx_word' id='word_1_445' title='bbox 3329 2421 3424 2463; x_wconf 79' lang='lat' dir='ltr'><strong>vos</strong></span> <span class='ocrx_word' id='word_1_446' title='bbox 3448 2409 3496 2478; x_wconf 69' lang='grc' dir='ltr'><strong>ζ.</strong></span> 
     </span>
     <span class='ocr_line' id='line_1_34' title="bbox 1923 2496 3502 2568; baseline -0.001 -15"><span class='ocrx_word' id='word_1_447' title='bbox 1923 2506 1980 2553; x_wconf 90' lang='lat' dir='ltr'><strong>et</strong></span> <span class='ocrx_word' id='word_1_448' title='bbox 2007 2496 2235 2553; x_wconf 83' lang='lat' dir='ltr'><strong>sufflabo</strong></span> <span class='ocrx_word' id='word_1_449' title='bbox 2257 2511 2422 2567; x_wconf 86' lang='lat' dir='ltr'><strong>super</strong></span> <span class='ocrx_word' id='word_1_450' title='bbox 2445 2511 2546 2553; x_wconf 82' lang='lat' dir='ltr'><strong>vos</strong></span> <span class='ocrx_word' id='word_1_451' title='bbox 2576 2497 2634 2553; x_wconf 89' lang='lat' dir='ltr'><strong>in</strong></span> <span class='ocrx_word' id='word_1_452' title='bbox 2687 2498 2810 2568; x_wconf 91' lang='lat' dir='ltr'><strong>igne</strong></span> <span class='ocrx_word' id='word_1_453' title='bbox 2843 2498 2938 2554; x_wconf 81' lang='lat' dir='ltr'><strong>irae</strong></span> <span class='ocrx_word' id='word_1_454' title='bbox 2973 2513 3126 2564; x_wconf 72' lang='lat' dir='ltr'><strong>mete,</strong></span> <span class='ocrx_word' id='word_1_455' title='bbox 3158 2506 3213 2555; x_wconf 86' lang='lat' dir='ltr'><strong>et</strong></span> <span class='ocrx_word' id='word_1_456' title='bbox 3240 2498 3502 2554; x_wconf 70' lang='lat' dir='ltr'><strong>conflabi-</strong></span> 
     </span>
     <span class='ocr_line' id='line_1_35' title="bbox 1924 2587 3502 2660; baseline 0.001 -16"><span class='ocrx_word' id='word_1_457' title='bbox 1924 2587 2062 2644; x_wconf 88' lang='lat' dir='ltr'><strong>mini</strong></span> <span class='ocrx_word' id='word_1_458' title='bbox 2100 2587 2156 2644; x_wconf 90' lang='lat' dir='ltr'><strong>in</strong></span> <span class='ocrx_word' id='word_1_459' title='bbox 2183 2589 2366 2644; x_wconf 89' lang='lat' dir='ltr'><strong>medio</strong></span> <span class='ocrx_word' id='word_1_460' title='bbox 2390 2587 2530 2660; x_wconf 85' lang='lat' dir='ltr'><strong>ejus.</strong></span> <span class='ocrx_word' id='word_1_461' title='bbox 2580 2588 2673 2644; x_wconf 90' lang='grc'><strong>22.</strong></span> <span class='ocrx_word' id='word_1_462' title='bbox 2721 2589 3193 2656; x_wconf 78' lang='lat' dir='ltr'><strong>Quemadmodum</strong></span> <span class='ocrx_word' id='word_1_463' title='bbox 3233 2590 3502 2646; x_wconf 78' lang='lat' dir='ltr'><strong>conflatur</strong></span> 
     </span>
     <span class='ocr_line' id='line_1_36' title="bbox 1923 2678 3502 2750; baseline 0.002 -15"><span class='ocrx_word' id='word_1_464' title='bbox 1923 2687 2209 2750; x_wconf 88' lang='lat' dir='ltr'><strong>argentum</strong></span> <span class='ocrx_word' id='word_1_465' title='bbox 2245 2679 2300 2735; x_wconf 91' lang='lat' dir='ltr'><strong>in</strong></span> <span class='ocrx_word' id='word_1_466' title='bbox 2325 2678 2509 2735; x_wconf 84' lang='lat' dir='ltr'><strong>medio</strong></span> <span class='ocrx_word' id='word_1_467' title='bbox 2535 2679 2760 2746; x_wconf 88' lang='lat' dir='ltr'><strong>camini,</strong></span> <span class='ocrx_word' id='word_1_468' title='bbox 2793 2679 2868 2735; x_wconf 90' lang='lat' dir='ltr'><strong>ita</strong></span> <span class='ocrx_word' id='word_1_469' title='bbox 2893 2679 3265 2737; x_wconf 80' lang='lat' dir='ltr'><strong>conflabimini</strong></span> <span class='ocrx_word' id='word_1_470' title='bbox 3295 2682 3352 2737; x_wconf 88' lang='lat' dir='ltr'><strong>in</strong></span> <span class='ocrx_word' id='word_1_471' title='bbox 3380 2696 3502 2738; x_wconf 85' lang='lat' dir='ltr'><strong>me-</strong></span> 
     </span>
     <span class='ocr_line' id='line_1_37' title="bbox 1923 2766 3501 2842; baseline 0.002 -18"><span class='ocrx_word' id='word_1_472' title='bbox 1923 2766 2017 2824; x_wconf 89' lang='lat' dir='ltr'><strong>dio</strong></span> <span class='ocrx_word' id='word_1_473' title='bbox 2041 2766 2183 2839; x_wconf 84' lang='lat' dir='ltr'><strong>ejus,</strong></span> <span class='ocrx_word' id='word_1_474' title='bbox 2213 2775 2270 2823; x_wconf 88' lang='lat' dir='ltr'><strong>et</strong></span> <span class='ocrx_word' id='word_1_475' title='bbox 2295 2768 2664 2839; x_wconf 86' lang='lat' dir='ltr'><strong>cognoscetis,</strong></span> <span class='ocrx_word' id='word_1_476' title='bbox 2716 2769 2845 2839; x_wconf 85' lang='lat' dir='ltr'><strong>quia</strong></span> <span class='ocrx_word' id='word_1_477' title='bbox 2895 2784 2997 2842; x_wconf 85' lang='lat' dir='ltr'><strong>ego</strong></span> <span class='ocrx_word' id='word_1_478' title='bbox 3046 2769 3311 2827; x_wconf 87' lang='lat' dir='ltr'><strong>Dominus</strong></span> <span class='ocrx_word' id='word_1_479' title='bbox 3337 2771 3501 2827; x_wconf 80' lang='lat' dir='ltr'><strong>cil&#39;ndi</strong></span> 
     </span>
     <span class='ocr_line' id='line_1_38' title="bbox 1922 2858 3501 2930; baseline 0.002 -15"><span class='ocrx_word' id='word_1_480' title='bbox 1922 2858 2164 2916; x_wconf 77' lang='lat' dir='ltr'><strong>furorem</strong></span> <span class='ocrx_word' id='word_1_481' title='bbox 2189 2873 2371 2916; x_wconf 88' lang='lat' dir='ltr'><strong>meum</strong></span> <span class='ocrx_word' id='word_1_482' title='bbox 2407 2874 2574 2930; x_wconf 76' lang='lat' dir='ltr'><strong>super</strong></span> <span class='ocrx_word' id='word_1_483' title='bbox 2592 2875 2710 2917; x_wconf 84' lang='lat' dir='ltr'><strong>vos.</strong></span> <span class='ocrx_word' id='word_1_484' title='bbox 2737 2860 2829 2916; x_wconf 77' lang='grc'><strong>25.</strong></span> <span class='ocrx_word' id='word_1_485' title='bbox 2854 2860 2919 2916; x_wconf 81' lang='lat' dir='ltr'><strong>Et</strong></span> <span class='ocrx_word' id='word_1_486' title='bbox 2940 2860 3144 2918; x_wconf 75' lang='lat' dir='ltr'><strong>lactum</strong></span> <span class='ocrx_word' id='word_1_487' title='bbox 3173 2870 3256 2921; x_wconf 87' lang='lat' dir='ltr'><strong>est</strong></span> <span class='ocrx_word' id='word_1_488' title='bbox 3274 2863 3501 2920; x_wconf 77' lang='lat' dir='ltr'><strong>verbum</strong></span> 
     </span>
     <span class='ocr_line' id='line_1_39' title="bbox 1922 2949 3499 3019; baseline 0.001 -12"><span class='ocrx_word' id='word_1_489' title='bbox 1922 2949 2142 3007; x_wconf 87' lang='lat' dir='ltr'><strong>Domini</strong></span> <span class='ocrx_word' id='word_1_490' title='bbox 2168 2951 2240 3007; x_wconf 77' lang='lat' dir='ltr'><strong>nd</strong></span> <span class='ocrx_word' id='word_1_491' title='bbox 2273 2965 2384 3016; x_wconf 89' lang='lat' dir='ltr'><strong>me,</strong></span> <span class='ocrx_word' id='word_1_492' title='bbox 2430 2951 2618 3008; x_wconf 82' lang='lat' dir='ltr'><strong>dicens</strong></span> <span class='ocrx_word' id='word_1_493' title='bbox 2641 2969 2659 3006; x_wconf 72' lang='grc' dir='ltr'>ι</span> <span class='ocrx_word' id='word_1_494' title='bbox 2703 2951 2796 3007; x_wconf 70' lang='grc'><strong>24.</strong></span> <span class='ocrx_word' id='word_1_495' title='bbox 2835 2951 2940 3008; x_wconf 78' lang='lat' dir='ltr'><strong>Fili</strong></span> <span class='ocrx_word' id='word_1_496' title='bbox 2968 2952 3233 3019; x_wconf 85' lang='lat' dir='ltr'><strong>bominis,</strong></span> <span class='ocrx_word' id='word_1_497' title='bbox 3283 2953 3374 3010; x_wconf 87' lang='lat' dir='ltr'><strong>dic</strong></span> <span class='ocrx_word' id='word_1_498' title='bbox 3413 2953 3499 3009; x_wconf 90' lang='lat' dir='ltr'><strong>ei:</strong></span> 
     </span>
     <span class='ocr_line' id='line_1_40' title="bbox 1925 3041 3503 3116; baseline 0.001 -18"><span class='ocrx_word' id='word_1_499' title='bbox 1925 3041 2010 3098; x_wconf 82' lang='lat' dir='ltr'><strong>Tu</strong></span> <span class='ocrx_word' id='word_1_500' title='bbox 2044 3058 2106 3099; x_wconf 89' lang='lat' dir='ltr'><strong>es</strong></span> <span class='ocrx_word' id='word_1_501' title='bbox 2156 3051 2301 3098; x_wconf 85' lang='lat' dir='ltr'><strong>terra</strong></span> <span class='ocrx_word' id='word_1_502' title='bbox 2330 3041 2406 3114; x_wconf 77' lang='lat'><strong>(9)</strong></span> <span class='ocrx_word' id='word_1_503' title='bbox 2447 3058 2557 3098; x_wconf 89' lang='lat' dir='ltr'><strong>non</strong></span> <span class='ocrx_word' id='word_1_504' title='bbox 2591 3045 2889 3114; x_wconf 88' lang='lat' dir='ltr'><strong>compluta,</strong></span> <span class='ocrx_word' id='word_1_505' title='bbox 2919 3059 3096 3115; x_wconf 82' lang='lat' dir='ltr'><strong>neque</strong></span> <span class='ocrx_word' id='word_1_506' title='bbox 3127 3044 3312 3116; x_wconf 63' lang='lat' dir='ltr'><strong>pluvia</strong></span> <span class='ocrx_word' id='word_1_507' title='bbox 3358 3044 3503 3101; x_wconf 83' lang='lat' dir='ltr'><strong>i&#39;acta</strong></span> 
     </span>
    </p>
   </div>
   <div class='ocr_carea' id='block_1_7' title="bbox 245 3125 3505 3212">
    <p class='ocr_par' dir='ltr' id='par_1_7' title="bbox 245 3125 3505 3212">
     <span class='ocr_line' id='line_1_41' title="bbox 245 3125 3505 3212; baseline 0.002 -29"><span class='ocrx_word' id='word_1_508' title='bbox 245 3125 432 3183; x_wconf 69' lang='lat' dir='ltr'><strong>larium</strong></span> <span class='ocrx_word' id='word_1_509' title='bbox 462 3128 737 3200; x_wconf 80' lang='lat' dir='ltr'><strong>gentibus,</strong></span> <span class='ocrx_word' id='word_1_510' title='bbox 765 3138 822 3185; x_wconf 91' lang='lat' dir='ltr'><strong>et</strong></span> <span class='ocrx_word' id='word_1_511' title='bbox 850 3129 905 3184; x_wconf 89' lang='lat' dir='ltr'><strong>in</strong></span> <span class='ocrx_word' id='word_1_512' title='bbox 949 3129 1261 3186; x_wconf 84' lang='lat' dir='ltr'><strong>irrisionem</strong></span> <span class='ocrx_word' id='word_1_513' title='bbox 1294 3129 1554 3186; x_wconf 86' lang='lat' dir='ltr'><strong>omnibus</strong></span> <span class='ocrx_word' id='word_1_514' title='bbox 1586 3129 1824 3200; x_wconf 83' lang='lat' dir='ltr'><strong>regioni·</strong></span> <span class='ocrx_word' id='word_1_515' title='bbox 1851 3153 1896 3212; x_wconf 74' lang='lat' dir='ltr'>c</span> <span class='ocrx_word' id='word_1_516' title='bbox 1925 3142 2011 3189; x_wconf 87' lang='lat' dir='ltr'><strong>est</strong></span> <span class='ocrx_word' id='word_1_517' title='bbox 2042 3147 2206 3203; x_wconf 88' lang='lat' dir='ltr'><strong>super</strong></span> <span class='ocrx_word' id='word_1_518' title='bbox 2235 3141 2287 3189; x_wconf 90' lang='lat' dir='ltr'><strong>te</strong></span> <span class='ocrx_word' id='word_1_519' title='bbox 2324 3132 2379 3188; x_wconf 92' lang='lat' dir='ltr'><strong>in</strong></span> <span class='ocrx_word' id='word_1_520' title='bbox 2410 3132 2500 3188; x_wconf 85' lang='lat' dir='ltr'><strong>die</strong></span> <span class='ocrx_word' id='word_1_521' title='bbox 2519 3133 2633 3189; x_wconf 75' lang='lat' dir='ltr'><strong>irae.</strong></span> <span class='ocrx_word' id='word_1_522' title='bbox 2667 3133 2759 3189; x_wconf 78' lang='lat'><strong>25.</strong></span> <span class='ocrx_word' id='word_1_523' title='bbox 2793 3132 2966 3206; x_wconf 85' lang='lat' dir='ltr'><strong>Cujus</strong></span> <span class='ocrx_word' id='word_1_524' title='bbox 3019 3136 3189 3191; x_wconf 85' lang='lat' dir='ltr'><strong>duces</strong></span> <span class='ocrx_word' id='word_1_525' title='bbox 3235 3135 3291 3191; x_wconf 88' lang='lat' dir='ltr'><strong>in</strong></span> <span class='ocrx_word' id='word_1_526' title='bbox 3320 3137 3505 3191; x_wconf 88' lang='lat' dir='ltr'><strong>medio</strong></span> 
     </span>
    </p>
   </div>
   <div class='ocr_carea' id='block_1_8' title="bbox 245 3217 1830 4201">
    <p class='ocr_par' dir='ltr' id='par_1_8' title="bbox 245 3217 1830 4201">
     <span class='ocr_line' id='line_1_42' title="bbox 245 3217 1829 3292; baseline -0.001 -15"><span class='ocrx_word' id='word_1_527' title='bbox 245 3220 375 3286; x_wconf 83' lang='lat' dir='ltr'><strong>bus,</strong></span> <span class='ocrx_word' id='word_1_528' title='bbox 406 3217 460 3275; x_wconf 81' lang='lat'><strong>5.</strong></span> <span class='ocrx_word' id='word_1_529' title='bbox 489 3234 613 3290; x_wconf 72' lang='lat' dir='ltr'><strong>qum</strong></span> <span class='ocrx_word' id='word_1_530' title='bbox 642 3235 812 3292; x_wconf 76' lang='lat' dir='ltr'><strong>prope</strong></span> <span class='ocrx_word' id='word_1_531' title='bbox 827 3229 959 3277; x_wconf 86' lang='lat' dir='ltr'><strong>sunt</strong></span> <span class='ocrx_word' id='word_1_532' title='bbox 983 3220 1055 3276; x_wconf 83' lang='lat' dir='ltr'><strong>nd</strong></span> <span class='ocrx_word' id='word_1_533' title='bbox 1082 3228 1158 3285; x_wconf 86' lang='lat' dir='ltr'><strong>te.</strong></span> <span class='ocrx_word' id='word_1_534' title='bbox 1201 3230 1258 3278; x_wconf 90' lang='lat' dir='ltr'><strong>et</strong></span> <span class='ocrx_word' id='word_1_535' title='bbox 1279 3234 1403 3292; x_wconf 79' lang='lat' dir='ltr'><strong>quae</strong></span> <span class='ocrx_word' id='word_1_536' title='bbox 1427 3220 1619 3290; x_wconf 84' lang='lat' dir='ltr'><strong>procul</strong></span> <span class='ocrx_word' id='word_1_537' title='bbox 1648 3233 1829 3275; x_wconf 87' lang='lat' dir='ltr'><strong>remo·</strong></span> 
     </span>
     <span class='ocr_line' id='line_1_43' title="bbox 249 3307 1825 3382; baseline -0.003 -14"><span class='ocrx_word' id='word_1_538' title='bbox 249 3320 320 3368; x_wconf 69' lang='lat' dir='ltr'><strong>tm</strong></span> <span class='ocrx_word' id='word_1_539' title='bbox 350 3320 539 3368; x_wconf 86' lang='lat' dir='ltr'><strong>sunta</strong></span> <span class='ocrx_word' id='word_1_540' title='bbox 571 3320 645 3378; x_wconf 91' lang='lat' dir='ltr'><strong>te,</strong></span> <span class='ocrx_word' id='word_1_541' title='bbox 678 3310 757 3382; x_wconf 81' lang='lat' dir='ltr'><strong>(a)</strong></span> <span class='ocrx_word' id='word_1_542' title='bbox 805 3319 862 3366; x_wconf 91' lang='lat' dir='ltr'><strong>et</strong></span> <span class='ocrx_word' id='word_1_543' title='bbox 914 3309 1148 3367; x_wconf 88' lang='lat' dir='ltr'><strong>illudent</strong></span> <span class='ocrx_word' id='word_1_544' title='bbox 1184 3309 1240 3365; x_wconf 89' lang='lat' dir='ltr'><strong>in</strong></span> <span class='ocrx_word' id='word_1_545' title='bbox 1296 3319 1370 3376; x_wconf 91' lang='lat' dir='ltr'><strong>te,</strong></span> <span class='ocrx_word' id='word_1_546' title='bbox 1404 3308 1687 3377; x_wconf 72' lang='lat' dir='ltr'><strong>immunda</strong></span> <span class='ocrx_word' id='word_1_547' title='bbox 1721 3307 1825 3364; x_wconf 86' lang='lat' dir='ltr'><strong>ista</strong></span> 
     </span>
     <span class='ocr_line' id='line_1_44' title="bbox 248 3396 1830 3470; baseline 0 -13"><span class='ocrx_word' id='word_1_548' title='bbox 248 3402 554 3465; x_wconf 81' lang='lat' dir='ltr'><strong>nominata,</strong></span> <span class='ocrx_word' id='word_1_549' title='bbox 585 3409 641 3455; x_wconf 90' lang='lat' dir='ltr'><strong>et</strong></span> <span class='ocrx_word' id='word_1_550' title='bbox 674 3401 848 3455; x_wconf 87' lang='lat' dir='ltr'><strong>muita</strong></span> <span class='ocrx_word' id='word_1_551' title='bbox 876 3399 932 3454; x_wconf 82' lang='lat' dir='ltr'><strong>in</strong></span> <span class='ocrx_word' id='word_1_552' title='bbox 977 3397 1381 3470; x_wconf 81' lang='lat' dir='ltr'><strong>iniquitatibus.</strong></span> <span class='ocrx_word' id='word_1_553' title='bbox 1407 3398 1464 3455; x_wconf 84' lang='grc'><strong>6.</strong></span> <span class='ocrx_word' id='word_1_554' title='bbox 1493 3396 1637 3454; x_wconf 82' lang='lat' dir='ltr'><strong>Eece</strong></span> <span class='ocrx_word' id='word_1_555' title='bbox 1660 3397 1830 3457; x_wconf 83' lang='lat' dir='ltr'><strong>duces</strong></span> 
     </span>
     <span class='ocr_line' id='line_1_45' title="bbox 249 3487 1829 3561; baseline -0.001 -16"><span class='ocrx_word' id='word_1_556' title='bbox 249 3492 450 3545; x_wconf 86' lang='lat' dir='ltr'><strong>domus</strong></span> <span class='ocrx_word' id='word_1_557' title='bbox 483 3487 722 3554; x_wconf 82' lang='lat' dir='ltr'><strong>israelis,</strong></span> <span class='ocrx_word' id='word_1_558' title='bbox 752 3488 1128 3557; x_wconf 85' lang='lat' dir='ltr'><strong>unusquisque</strong></span> <span class='ocrx_word' id='word_1_559' title='bbox 1145 3488 1216 3543; x_wconf 87' lang='lat' dir='ltr'><strong>ad</strong></span> <span class='ocrx_word' id='word_1_560' title='bbox 1238 3497 1500 3561; x_wconf 86' lang='lat' dir='ltr'><strong>cognatos</strong></span> <span class='ocrx_word' id='word_1_561' title='bbox 1538 3502 1690 3552; x_wconf 85' lang='lat' dir='ltr'><strong>suos,</strong></span> <span class='ocrx_word' id='word_1_562' title='bbox 1726 3490 1829 3544; x_wconf 89' lang='lat' dir='ltr'><strong>mi-</strong></span> 
     </span>
     <span class='ocr_line' id='line_1_46' title="bbox 254 3572 1827 3649; baseline 0.001 -16"><span class='ocrx_word' id='word_1_563' title='bbox 254 3587 518 3634; x_wconf 83' lang='lat' dir='ltr'><strong>scuerunt</strong></span> <span class='ocrx_word' id='word_1_564' title='bbox 542 3592 601 3631; x_wconf 90' lang='lat' dir='ltr'><strong>se</strong></span> <span class='ocrx_word' id='word_1_565' title='bbox 617 3576 670 3631; x_wconf 90' lang='lat' dir='ltr'><strong>in</strong></span> <span class='ocrx_word' id='word_1_566' title='bbox 701 3587 774 3641; x_wconf 86' lang='lat' dir='ltr'><strong>te,</strong></span> <span class='ocrx_word' id='word_1_567' title='bbox 795 3572 1504 3649; x_wconf 76' lang='lat' dir='ltr'><strong>uteffuntlantsanguinem.</strong></span> <span class='ocrx_word' id='word_1_568' title='bbox 1523 3577 1578 3635; x_wconf 84' lang='grc'><strong>7.</strong></span> <span class='ocrx_word' id='word_1_569' title='bbox 1607 3575 1827 3635; x_wconf 85' lang='lat' dir='ltr'><strong>Patrem</strong></span> 
     </span>
     <span class='ocr_line' id='line_1_47' title="bbox 254 3668 1824 3734; baseline 0.001 -9"><span class='ocrx_word' id='word_1_570' title='bbox 254 3677 309 3725; x_wconf 88' lang='lat' dir='ltr'><strong>ct</strong></span> <span class='ocrx_word' id='word_1_571' title='bbox 340 3676 569 3726; x_wconf 85' lang='lat' dir='ltr'><strong>matrem</strong></span> <span class='ocrx_word' id='word_1_572' title='bbox 600 3668 995 3726; x_wconf 79' lang='lat' dir='ltr'><strong>maledicebant</strong></span> <span class='ocrx_word' id='word_1_573' title='bbox 1020 3668 1074 3724; x_wconf 91' lang='lat' dir='ltr'><strong>in</strong></span> <span class='ocrx_word' id='word_1_574' title='bbox 1099 3678 1172 3734; x_wconf 88' lang='lat' dir='ltr'><strong>te,</strong></span> <span class='ocrx_word' id='word_1_575' title='bbox 1190 3677 1244 3725; x_wconf 88' lang='lat' dir='ltr'><strong>et</strong></span> <span class='ocrx_word' id='word_1_576' title='bbox 1267 3668 1532 3727; x_wconf 83' lang='lat' dir='ltr'><strong>adversus</strong></span> <span class='ocrx_word' id='word_1_577' title='bbox 1560 3670 1824 3727; x_wconf 82' lang='lat' dir='ltr'><strong>advenam</strong></span> 
     </span>
     <span class='ocr_line' id='line_1_48' title="bbox 251 3760 1826 3835; baseline 0 -16"><span class='ocrx_word' id='word_1_578' title='bbox 251 3761 722 3819; x_wconf 80' lang='lat' dir='ltr'><strong>conversabantur</strong></span> <span class='ocrx_word' id='word_1_579' title='bbox 752 3762 808 3818; x_wconf 88' lang='lat' dir='ltr'><strong>in</strong></span> <span class='ocrx_word' id='word_1_580' title='bbox 835 3760 1120 3833; x_wconf 79' lang='lat' dir='ltr'><strong>injustitiis</strong></span> <span class='ocrx_word' id='word_1_581' title='bbox 1160 3762 1216 3820; x_wconf 88' lang='lat' dir='ltr'><strong>in</strong></span> <span class='ocrx_word' id='word_1_582' title='bbox 1247 3773 1335 3820; x_wconf 84' lang='lat' dir='ltr'><strong>te:</strong></span> <span class='ocrx_word' id='word_1_583' title='bbox 1366 3763 1634 3835; x_wconf 89' lang='lat' dir='ltr'><strong>pupillum</strong></span> <span class='ocrx_word' id='word_1_584' title='bbox 1661 3771 1718 3820; x_wconf 90' lang='lat' dir='ltr'><strong>et</strong></span> <span class='ocrx_word' id='word_1_585' title='bbox 1742 3763 1826 3819; x_wconf 80' lang='lat' dir='ltr'><strong>vi·</strong></span> 
     </span>
     <span class='ocr_line' id='line_1_49' title="bbox 252 3854 1828 3928; baseline 0.001 -18"><span class='ocrx_word' id='word_1_586' title='bbox 252 3854 417 3912; x_wconf 84' lang='lat' dir='ltr'><strong>duam</strong></span> <span class='ocrx_word' id='word_1_587' title='bbox 448 3854 828 3928; x_wconf 78' lang='lat' dir='ltr'><strong>opprimebant</strong></span> <span class='ocrx_word' id='word_1_588' title='bbox 856 3855 911 3911; x_wconf 89' lang='lat' dir='ltr'><strong>in</strong></span> <span class='ocrx_word' id='word_1_589' title='bbox 948 3865 1003 3912; x_wconf 94' lang='lat' dir='ltr'><strong>te</strong></span> <span class='ocrx_word' id='word_1_590' title='bbox 1025 3874 1042 3911; x_wconf 71' lang='grc' dir='ltr'>ε</span> <span class='ocrx_word' id='word_1_591' title='bbox 1063 3856 1121 3911; x_wconf 85' lang='grc'><strong>8.</strong></span> <span class='ocrx_word' id='word_1_592' title='bbox 1149 3864 1205 3913; x_wconf 91' lang='lat' dir='ltr'><strong>et</strong></span> <span class='ocrx_word' id='word_1_593' title='bbox 1232 3856 1434 3914; x_wconf 79' lang='lat' dir='ltr'><strong>Sancta</strong></span> <span class='ocrx_word' id='word_1_594' title='bbox 1461 3871 1583 3914; x_wconf 89' lang='lat' dir='ltr'><strong>mea</strong></span> <span class='ocrx_word' id='word_1_595' title='bbox 1609 3870 1828 3927; x_wconf 86' lang='lat' dir='ltr'><strong>sperne-</strong></span> 
     </span>
     <span class='ocr_line' id='line_1_50' title="bbox 253 3941 1825 4016; baseline -0.001 -15"><span class='ocrx_word' id='word_1_596' title='bbox 253 3941 406 4010; x_wconf 86' lang='lat' dir='ltr'><strong>bant,</strong></span> <span class='ocrx_word' id='word_1_597' title='bbox 451 3953 509 4001; x_wconf 89' lang='lat' dir='ltr'><strong>et</strong></span> <span class='ocrx_word' id='word_1_598' title='bbox 566 3944 795 4002; x_wconf 87' lang='lat' dir='ltr'><strong>sabbata</strong></span> <span class='ocrx_word' id='word_1_599' title='bbox 842 3960 966 4002; x_wconf 86' lang='lat' dir='ltr'><strong>mea</strong></span> <span class='ocrx_word' id='word_1_600' title='bbox 1031 3943 1349 4016; x_wconf 82' lang='lat' dir='ltr'><strong>polluebant</strong></span> <span class='ocrx_word' id='word_1_601' title='bbox 1402 3948 1459 4003; x_wconf 89' lang='lat' dir='ltr'><strong>in</strong></span> <span class='ocrx_word' id='word_1_602' title='bbox 1510 3953 1582 4005; x_wconf 88' lang='lat' dir='ltr'><strong>te.</strong></span> <span class='ocrx_word' id='word_1_603' title='bbox 1621 3944 1676 4001; x_wconf 80' lang='lat'><strong>9.</strong></span> <span class='ocrx_word' id='word_1_604' title='bbox 1707 3943 1825 4000; x_wconf 81' lang='lat' dir='ltr'><strong>Viri</strong></span> 
     </span>
     <span class='ocr_line' id='line_1_51' title="bbox 251 4036 1825 4107; baseline -0.001 -13"><span class='ocrx_word' id='word_1_605' title='bbox 251 4036 492 4095; x_wconf 76' lang='lat' dir='ltr'><strong>lati-unes</strong></span> <span class='ocrx_word' id='word_1_606' title='bbox 529 4040 600 4106; x_wconf 57' lang='grc' dir='ltr'><strong>λ(</strong></span> <span class='ocrx_word' id='word_1_607' title='bbox 635 4046 795 4094; x_wconf 84' lang='lat' dir='ltr'><strong>erant</strong></span> <span class='ocrx_word' id='word_1_608' title='bbox 829 4036 854 4107; x_wconf 69' lang='grc' dir='ltr'>ζ</span> <span class='ocrx_word' id='word_1_609' title='bbox 885 4037 941 4092; x_wconf 83' lang='grc' dir='ltr'><strong>ἰιι</strong></span> <span class='ocrx_word' id='word_1_610' title='bbox 977 4043 1053 4100; x_wconf 83' lang='lat' dir='ltr'><strong>te,</strong></span> <span class='ocrx_word' id='word_1_611' title='bbox 1078 4045 1136 4093; x_wconf 85' lang='lat' dir='ltr'><strong>ut</strong></span> <span class='ocrx_word' id='word_1_612' title='bbox 1172 4036 1513 4093; x_wconf 73' lang='lat' dir='ltr'><strong>effunderent</strong></span> <span class='ocrx_word' id='word_1_613' title='bbox 1537 4037 1594 4092; x_wconf 90' lang='lat' dir='ltr'><strong>in</strong></span> <span class='ocrx_word' id='word_1_614' title='bbox 1619 4045 1674 4092; x_wconf 88' lang='lat' dir='ltr'><strong>te</strong></span> <span class='ocrx_word' id='word_1_615' title='bbox 1699 4051 1825 4092; x_wconf 88' lang='lat' dir='ltr'><strong>san·</strong></span> 
     </span>
     <span class='ocr_line' id='line_1_52' title="bbox 251 4124 1828 4201; baseline -0.003 -17"><span class='ocrx_word' id='word_1_616' title='bbox 251 4129 512 4201; x_wconf 80' lang='lat' dir='ltr'><strong>guinem:</strong></span> <span class='ocrx_word' id='word_1_617' title='bbox 560 4137 618 4185; x_wconf 90' lang='lat' dir='ltr'><strong>et</strong></span> <span class='ocrx_word' id='word_1_618' title='bbox 645 4142 809 4200; x_wconf 86' lang='lat' dir='ltr'><strong>super</strong></span> <span class='ocrx_word' id='word_1_619' title='bbox 833 4127 1113 4184; x_wconf 85' lang='lat' dir='ltr'><strong>montibus</strong></span> <span class='ocrx_word' id='word_1_620' title='bbox 1152 4127 1513 4184; x_wconf 85' lang='lat' dir='ltr'><strong>comedebant</strong></span> <span class='ocrx_word' id='word_1_621' title='bbox 1550 4126 1606 4183; x_wconf 92' lang='lat' dir='ltr'><strong>in</strong></span> <span class='ocrx_word' id='word_1_622' title='bbox 1641 4133 1716 4181; x_wconf 87' lang='lat' dir='ltr'><strong>te:</strong></span> <span class='ocrx_word' id='word_1_623' title='bbox 1752 4124 1828 4197; x_wconf 73' lang='lat' dir='ltr'><strong>(b)</strong></span> 
     </span>
    </p>
   </div>
   <div class='ocr_carea' id='block_1_9' title="bbox 1924 3221 3503 3385">
    <p class='ocr_par' dir='ltr' id='par_1_9' title="bbox 1924 3221 3503 3385">
     <span class='ocr_line' id='line_1_53' title="bbox 1924 3221 3503 3298; baseline 0.003 -19"><span class='ocrx_word' id='word_1_624' title='bbox 1924 3223 2069 3291; x_wconf 81' lang='lat' dir='ltr'><strong>ejus,</strong></span> <span class='ocrx_word' id='word_1_625' title='bbox 2115 3221 2260 3280; x_wconf 89' lang='lat' dir='ltr'><strong>sicut</strong></span> <span class='ocrx_word' id='word_1_626' title='bbox 2296 3222 2484 3279; x_wconf 87' lang='lat' dir='ltr'><strong>leones</strong></span> <span class='ocrx_word' id='word_1_627' title='bbox 2537 3223 2814 3295; x_wconf 81' lang='lat' dir='ltr'><strong>rugientes</strong></span> <span class='ocrx_word' id='word_1_628' title='bbox 2841 3264 2859 3290; x_wconf 93' lang='lat'><strong>,</strong></span> <span class='ocrx_word' id='word_1_629' title='bbox 2940 3225 3213 3296; x_wconf 87' lang='lat' dir='ltr'><strong>rapientes</strong></span> <span class='ocrx_word' id='word_1_630' title='bbox 3260 3229 3503 3298; x_wconf 87' lang='lat' dir='ltr'><strong>rapinas.</strong></span> 
     </span>
     <span class='ocr_line' id='line_1_54' title="bbox 1927 3308 3503 3385; baseline 0.003 -21"><span class='ocrx_word' id='word_1_631' title='bbox 1927 3310 2144 3367; x_wconf 85' lang='lat' dir='ltr'><strong>animas</strong></span> <span class='ocrx_word' id='word_1_632' title='bbox 2194 3308 2521 3365; x_wconf 83' lang='lat' dir='ltr'><strong>devorantes</strong></span> <span class='ocrx_word' id='word_1_633' title='bbox 2582 3310 2638 3365; x_wconf 88' lang='lat' dir='ltr'><strong>in</strong></span> <span class='ocrx_word' id='word_1_634' title='bbox 2691 3310 2956 3381; x_wconf 84' lang='lat' dir='ltr'><strong>potentia,</strong></span> <span class='ocrx_word' id='word_1_635' title='bbox 3008 3321 3062 3367; x_wconf 88' lang='lat' dir='ltr'><strong>et</strong></span> <span class='ocrx_word' id='word_1_636' title='bbox 3121 3312 3296 3385; x_wconf 86' lang='lat' dir='ltr'><strong>pretia</strong></span> <span class='ocrx_word' id='word_1_637' title='bbox 3349 3312 3503 3368; x_wconf 85' lang='lat' dir='ltr'><strong>acei-</strong></span> 
     </span>
    </p>
   </div>
   <div class='ocr_carea' id='block_1_10' title="bbox 1923 3398 3506 4201">
    <p class='ocr_par' dir='ltr' id='par_1_10' title="bbox 1923 3398 3506 4201">
     <span class='ocr_line' id='line_1_55' title="bbox 1927 3398 3503 3474; baseline 0.004 -20"><span class='ocrx_word' id='word_1_638' title='bbox 1927 3399 2143 3472; x_wconf 88' lang='lat' dir='ltr'><strong>pientes</strong></span> <span class='ocrx_word' id='word_1_639' title='bbox 2208 3398 2265 3455; x_wconf 89' lang='lat' dir='ltr'><strong>in</strong></span> <span class='ocrx_word' id='word_1_640' title='bbox 2315 3398 2603 3469; x_wconf 75' lang='lat' dir='ltr'><strong>iniustitia.</strong></span> <span class='ocrx_word' id='word_1_641' title='bbox 2653 3400 2722 3457; x_wconf 83' lang='lat' dir='ltr'><strong>Et</strong></span> <span class='ocrx_word' id='word_1_642' title='bbox 2751 3401 2931 3457; x_wconf 76' lang='lat' dir='ltr'><strong>viduas</strong></span> <span class='ocrx_word' id='word_1_643' title='bbox 2983 3410 3090 3456; x_wconf 83' lang='lat' dir='ltr'><strong>tnae</strong></span> <span class='ocrx_word' id='word_1_644' title='bbox 3129 3401 3503 3474; x_wconf 68' lang='lat' dir='ltr'><strong>multiplicatas</strong></span> 
     </span>
     <span class='ocr_line' id='line_1_56' title="bbox 1928 3488 3504 3565; baseline -0.001 -15"><span class='ocrx_word' id='word_1_645' title='bbox 1928 3492 2142 3550; x_wconf 83' lang='lat' dir='ltr'><strong>suntin</strong></span> <span class='ocrx_word' id='word_1_646' title='bbox 2175 3488 2355 3549; x_wconf 83' lang='lat' dir='ltr'><strong>medio</strong></span> <span class='ocrx_word' id='word_1_647' title='bbox 2384 3491 2489 3549; x_wconf 89' lang='lat' dir='ltr'><strong>tui.</strong></span> <span class='ocrx_word' id='word_1_648' title='bbox 2513 3490 2608 3546; x_wconf 80' lang='grc'><strong>26.</strong></span> <span class='ocrx_word' id='word_1_649' title='bbox 2637 3490 2708 3548; x_wconf 78' lang='lat' dir='ltr'><strong>Et</strong></span> <span class='ocrx_word' id='word_1_650' title='bbox 2745 3491 3057 3549; x_wconf 82' lang='lat' dir='ltr'><strong>sacerdotes</strong></span> <span class='ocrx_word' id='word_1_651' title='bbox 3101 3492 3225 3562; x_wconf 72' lang='lat' dir='ltr'><strong>eius</strong></span> <span class='ocrx_word' id='word_1_652' title='bbox 3255 3493 3334 3565; x_wconf 80' lang='grc' dir='ltr'>(Ιι)</span> <span class='ocrx_word' id='word_1_653' title='bbox 3360 3506 3504 3564; x_wconf 80' lang='lat' dir='ltr'><strong>prae-</strong></span> 
     </span>
     <span class='ocr_line' id='line_1_57' title="bbox 1926 3583 3501 3658; baseline -0.001 -16"><span class='ocrx_word' id='word_1_654' title='bbox 1926 3585 2157 3644; x_wconf 77' lang='lat' dir='ltr'><strong>varicati</strong></span> <span class='ocrx_word' id='word_1_655' title='bbox 2187 3594 2318 3643; x_wconf 90' lang='lat' dir='ltr'><strong>sunt</strong></span> <span class='ocrx_word' id='word_1_656' title='bbox 2347 3584 2451 3658; x_wconf 87' lang='lat' dir='ltr'><strong>legi</strong></span> <span class='ocrx_word' id='word_1_657' title='bbox 2475 3599 2630 3652; x_wconf 76' lang='lat' dir='ltr'><strong>meae,</strong></span> <span class='ocrx_word' id='word_1_658' title='bbox 2664 3594 2721 3641; x_wconf 88' lang='lat' dir='ltr'><strong>et</strong></span> <span class='ocrx_word' id='word_1_659' title='bbox 2760 3586 3080 3656; x_wconf 83' lang='lat' dir='ltr'><strong>polluebant</strong></span> <span class='ocrx_word' id='word_1_660' title='bbox 3122 3583 3324 3642; x_wconf 88' lang='lat' dir='ltr'><strong>Sancta</strong></span> <span class='ocrx_word' id='word_1_661' title='bbox 3345 3600 3501 3642; x_wconf 78' lang='lat' dir='ltr'><strong>mea:</strong></span> 
     </span>
     <span class='ocr_line' id='line_1_58' title="bbox 1924 3673 3501 3746; baseline -0.004 -11"><span class='ocrx_word' id='word_1_662' title='bbox 1924 3676 2071 3735; x_wconf 86' lang='lat' dir='ltr'><strong>inter</strong></span> <span class='ocrx_word' id='word_1_663' title='bbox 2106 3684 2356 3733; x_wconf 85' lang='lat' dir='ltr'><strong>sanctum</strong></span> <span class='ocrx_word' id='word_1_664' title='bbox 2388 3674 2452 3746; x_wconf 81' lang='lat' dir='ltr'><strong>(i)</strong></span> <span class='ocrx_word' id='word_1_665' title='bbox 2491 3680 2547 3729; x_wconf 92' lang='lat' dir='ltr'><strong>et</strong></span> <span class='ocrx_word' id='word_1_666' title='bbox 2598 3674 2890 3746; x_wconf 84' lang='lat' dir='ltr'><strong>profanum</strong></span> <span class='ocrx_word' id='word_1_667' title='bbox 2921 3689 3033 3731; x_wconf 89' lang='lat' dir='ltr'><strong>non</strong></span> <span class='ocrx_word' id='word_1_668' title='bbox 3070 3673 3501 3744; x_wconf 86' lang='lat' dir='ltr'><strong>distinguebant,</strong></span> 
     </span>
     <span class='ocr_line' id='line_1_59' title="bbox 1924 3767 3501 3837; baseline -0.003 -11"><span class='ocrx_word' id='word_1_669' title='bbox 1924 3776 1982 3826; x_wconf 88' lang='lat' dir='ltr'><strong>et</strong></span> <span class='ocrx_word' id='word_1_670' title='bbox 2018 3768 2161 3827; x_wconf 85' lang='lat' dir='ltr'><strong>inter</strong></span> <span class='ocrx_word' id='word_1_671' title='bbox 2186 3767 2534 3825; x_wconf 85' lang='lat' dir='ltr'><strong>immundum</strong></span> <span class='ocrx_word' id='word_1_672' title='bbox 2563 3776 2622 3824; x_wconf 88' lang='lat' dir='ltr'><strong>et</strong></span> <span class='ocrx_word' id='word_1_673' title='bbox 2647 3770 2915 3824; x_wconf 86' lang='lat' dir='ltr'><strong>muudum</strong></span> <span class='ocrx_word' id='word_1_674' title='bbox 2944 3782 3051 3824; x_wconf 84' lang='lat' dir='ltr'><strong>non</strong></span> <span class='ocrx_word' id='word_1_675' title='bbox 3071 3767 3501 3837; x_wconf 83' lang='lat' dir='ltr'><strong>distinguebant,</strong></span> 
     </span>
     <span class='ocr_line' id='line_1_60' title="bbox 1923 3857 3506 3931; baseline -0.001 -15"><span class='ocrx_word' id='word_1_676' title='bbox 1923 3874 1960 3916; x_wconf 92' lang='lat' dir='ltr'><strong>a</strong></span> <span class='ocrx_word' id='word_1_677' title='bbox 1988 3858 2233 3917; x_wconf 82' lang='lat' dir='ltr'><strong>sabbatis</strong></span> <span class='ocrx_word' id='word_1_678' title='bbox 2257 3858 2397 3915; x_wconf 90' lang='lat' dir='ltr'><strong>meis</strong></span> <span class='ocrx_word' id='word_1_679' title='bbox 2422 3857 2744 3931; x_wconf 85' lang='lat' dir='ltr'><strong>operiebant</strong></span> <span class='ocrx_word' id='word_1_680' title='bbox 2776 3859 2970 3914; x_wconf 89' lang='lat' dir='ltr'><strong>oculos</strong></span> <span class='ocrx_word' id='word_1_681' title='bbox 2987 3872 3118 3914; x_wconf 83' lang='lat' dir='ltr'><strong>suos</strong></span> <span class='ocrx_word' id='word_1_682' title='bbox 3144 3875 3161 3913; x_wconf 70' lang='grc' dir='ltr'>ι</span> <span class='ocrx_word' id='word_1_683' title='bbox 3204 3857 3276 3930; x_wconf 74' lang='lat' dir='ltr'><strong>(k)</strong></span> <span class='ocrx_word' id='word_1_684' title='bbox 3303 3865 3359 3914; x_wconf 91' lang='lat' dir='ltr'><strong>et</strong></span> <span class='ocrx_word' id='word_1_685' title='bbox 3377 3871 3506 3927; x_wconf 85' lang='lat' dir='ltr'><strong>pro-</strong></span> 
     </span>
     <span class='ocr_line' id='line_1_61' title="bbox 1927 3937 3500 4018; baseline -0.002 -12"><span class='ocrx_word' id='word_1_686' title='bbox 1927 3950 2157 4007; x_wconf 75' lang='lat' dir='ltr'><strong>fanabat·</strong></span> <span class='ocrx_word' id='word_1_687' title='bbox 2174 3949 2233 4007; x_wconf 90' lang='lat' dir='ltr'><strong>in</strong></span> <span class='ocrx_word' id='word_1_688' title='bbox 2256 3950 2438 4006; x_wconf 87' lang='lat' dir='ltr'><strong>medio</strong></span> <span class='ocrx_word' id='word_1_689' title='bbox 2466 3964 2683 4007; x_wconf 86' lang='lat' dir='ltr'><strong>eorum.</strong></span> <span class='ocrx_word' id='word_1_690' title='bbox 2714 3948 2806 4003; x_wconf 85' lang='grc'><strong>27.</strong></span> <span class='ocrx_word' id='word_1_691' title='bbox 2834 3937 3119 4018; x_wconf 82' lang='lat' dir='ltr'><strong>Principes</strong></span> <span class='ocrx_word' id='word_1_692' title='bbox 3147 3946 3270 4018; x_wconf 73' lang='lat' dir='ltr'><strong>eins</strong></span> <span class='ocrx_word' id='word_1_693' title='bbox 3301 3948 3358 4002; x_wconf 91' lang='lat' dir='ltr'><strong>in</strong></span> <span class='ocrx_word' id='word_1_694' title='bbox 3384 3962 3500 4003; x_wconf 89' lang='lat' dir='ltr'><strong>me·</strong></span> 
     </span>
     <span class='ocr_line' id='line_1_62' title="bbox 1926 4035 3504 4112; baseline -0.003 -14"><span class='ocrx_word' id='word_1_695' title='bbox 1926 4042 2023 4097; x_wconf 85' lang='lat' dir='ltr'><strong>dio</strong></span> <span class='ocrx_word' id='word_1_696' title='bbox 2040 4041 2183 4112; x_wconf 84' lang='lat' dir='ltr'><strong>ejus,</strong></span> <span class='ocrx_word' id='word_1_697' title='bbox 2213 4041 2359 4096; x_wconf 81' lang='lat' dir='ltr'><strong>sicut</strong></span> <span class='ocrx_word' id='word_1_698' title='bbox 2386 4039 2499 4110; x_wconf 83' lang='lat' dir='ltr'><strong>lupi</strong></span> <span class='ocrx_word' id='word_1_699' title='bbox 2523 4040 2800 4108; x_wconf 86' lang='lat' dir='ltr'><strong>rapientes</strong></span> <span class='ocrx_word' id='word_1_700' title='bbox 2825 4038 3067 4108; x_wconf 84' lang='lat' dir='ltr'><strong>rapinas,</strong></span> <span class='ocrx_word' id='word_1_701' title='bbox 3111 4037 3180 4093; x_wconf 89' lang='lat' dir='ltr'><strong>ad</strong></span> <span class='ocrx_word' id='word_1_702' title='bbox 3217 4035 3504 4094; x_wconf 78' lang='lat' dir='ltr'><strong>effunden-</strong></span> 
     </span>
     <span class='ocr_line' id='line_1_63' title="bbox 1927 4126 3506 4201; baseline -0.001 -13"><span class='ocrx_word' id='word_1_703' title='bbox 1927 4133 2061 4189; x_wconf 79' lang='lat' dir='ltr'><strong>dum</strong></span> <span class='ocrx_word' id='word_1_704' title='bbox 2104 4130 2450 4201; x_wconf 85' lang='lat' dir='ltr'><strong>sanguinem,</strong></span> <span class='ocrx_word' id='word_1_705' title='bbox 2486 4130 2557 4197; x_wconf 62' lang='grc' dir='ltr'>Χ</span> <span class='ocrx_word' id='word_1_706' title='bbox 2607 4127 2677 4184; x_wconf 86' lang='lat' dir='ltr'><strong>ad</strong></span> <span class='ocrx_word' id='word_1_707' title='bbox 2714 4126 3050 4198; x_wconf 85' lang='lat' dir='ltr'><strong>perdendum</strong></span> <span class='ocrx_word' id='word_1_708' title='bbox 3097 4128 3315 4187; x_wconf 88' lang='lat' dir='ltr'><strong>animas</strong></span> <span class='ocrx_word' id='word_1_709' title='bbox 3347 4130 3410 4198; x_wconf 71' lang='grc' dir='ltr'><strong>ζ,</strong></span> <span class='ocrx_word' id='word_1_710' title='bbox 3442 4140 3506 4186; x_wconf 85' lang='grc' dir='ltr'><strong>ιιι</strong></span> 
     </span>
    </p>
   </div>
   <div class='ocr_carea' id='block_1_11' title="bbox 254 4214 3505 5120">
    <p class='ocr_par' dir='ltr' id='par_1_11' title="bbox 254 4214 3505 5120">
     <span class='ocr_line' id='line_1_64' title="bbox 254 4214 3503 4294; baseline -0.002 -20"><span class='ocrx_word' id='word_1_711' title='bbox 254 4233 364 4275; x_wconf 83' lang='lat' dir='ltr'><strong>non</strong></span> <span class='ocrx_word' id='word_1_712' title='bbox 397 4229 587 4276; x_wconf 69' lang='lat' dir='ltr'><strong>uncta</strong></span> <span class='ocrx_word' id='word_1_713' title='bbox 650 4219 928 4278; x_wconf 74' lang='lat' dir='ltr'><strong>faciebant</strong></span> <span class='ocrx_word' id='word_1_714' title='bbox 979 4219 1039 4275; x_wconf 88' lang='lat' dir='ltr'><strong>in</strong></span> <span class='ocrx_word' id='word_1_715' title='bbox 1065 4218 1245 4274; x_wconf 87' lang='lat' dir='ltr'><strong>medio</strong></span> <span class='ocrx_word' id='word_1_716' title='bbox 1306 4218 1410 4273; x_wconf 88' lang='lat' dir='ltr'><strong>tui.</strong></span> <span class='ocrx_word' id='word_1_717' title='bbox 1446 4216 1538 4272; x_wconf 84' lang='grc'><strong>10.</strong></span> <span class='ocrx_word' id='word_1_718' title='bbox 1568 4214 1829 4274; x_wconf 82' lang='lat' dir='ltr'><strong>Pudenda</strong></span> <span class='ocrx_word' id='word_1_719' title='bbox 1929 4221 2160 4280; x_wconf 73' lang='lat' dir='ltr'><strong>avaritia</strong></span> <span class='ocrx_word' id='word_1_720' title='bbox 2192 4221 2498 4278; x_wconf 81' lang='lat' dir='ltr'><strong>lucrentur.</strong></span> <span class='ocrx_word' id='word_1_721' title='bbox 2520 4219 2613 4275; x_wconf 80' lang='grc'><strong>28.</strong></span> <span class='ocrx_word' id='word_1_722' title='bbox 2637 4218 2705 4275; x_wconf 82' lang='lat' dir='ltr'><strong>Et</strong></span> <span class='ocrx_word' id='word_1_723' title='bbox 2726 4219 3009 4291; x_wconf 64' lang='lat' dir='ltr'><strong>propbesae</strong></span> <span class='ocrx_word' id='word_1_724' title='bbox 3029 4219 3172 4291; x_wconf 70' lang='lat' dir='ltr'><strong>ejus,</strong></span> <span class='ocrx_word' id='word_1_725' title='bbox 3199 4220 3263 4292; x_wconf 82' lang='grc' dir='ltr'>(ι)</span> <span class='ocrx_word' id='word_1_726' title='bbox 3287 4236 3503 4294; x_wconf 67' lang='lat' dir='ltr'><strong>angen.</strong></span> 
     </span>
     <span class='ocr_line' id='line_1_65' title="bbox 255 4308 3497 4381; baseline 0.001 -16"><span class='ocrx_word' id='word_1_727' title='bbox 255 4309 425 4381; x_wconf 87' lang='lat' dir='ltr'><strong>patris</strong></span> <span class='ocrx_word' id='word_1_728' title='bbox 452 4319 764 4368; x_wconf 78' lang='lat' dir='ltr'><strong>retexerunt</strong></span> <span class='ocrx_word' id='word_1_729' title='bbox 790 4311 844 4367; x_wconf 91' lang='lat' dir='ltr'><strong>in</strong></span> <span class='ocrx_word' id='word_1_730' title='bbox 869 4320 942 4377; x_wconf 87' lang='lat' dir='ltr'><strong>te,</strong></span> <span class='ocrx_word' id='word_1_731' title='bbox 965 4320 1023 4366; x_wconf 89' lang='lat' dir='ltr'><strong>et</strong></span> <span class='ocrx_word' id='word_1_732' title='bbox 1051 4309 1105 4365; x_wconf 91' lang='lat' dir='ltr'><strong>in</strong></span> <span class='ocrx_word' id='word_1_733' title='bbox 1135 4308 1499 4367; x_wconf 86' lang='lat' dir='ltr'><strong>immunditiis</strong></span> <span class='ocrx_word' id='word_1_734' title='bbox 1519 4314 1828 4365; x_wconf 84' lang='lat' dir='ltr'><strong>menstrua·</strong></span> <span class='ocrx_word' id='word_1_735' title='bbox 1931 4322 2014 4372; x_wconf 74' lang='lat' dir='ltr'><strong>tes</strong></span> <span class='ocrx_word' id='word_1_736' title='bbox 2035 4328 2154 4381; x_wconf 86' lang='lat' dir='ltr'><strong>eos,</strong></span> <span class='ocrx_word' id='word_1_737' title='bbox 2194 4311 2412 4379; x_wconf 85' lang='lat' dir='ltr'><strong>cadent,</strong></span> <span class='ocrx_word' id='word_1_738' title='bbox 2443 4310 2694 4368; x_wconf 76' lang='lat' dir='ltr'><strong>videntes</strong></span> <span class='ocrx_word' id='word_1_739' title='bbox 2743 4324 2908 4377; x_wconf 77' lang='lat' dir='ltr'><strong>vana,</strong></span> <span class='ocrx_word' id='word_1_740' title='bbox 2937 4310 3243 4368; x_wconf 82' lang='lat' dir='ltr'><strong>divinantes</strong></span> <span class='ocrx_word' id='word_1_741' title='bbox 3269 4313 3338 4381; x_wconf 66' lang='grc' dir='ltr'>Χ</span> <span class='ocrx_word' id='word_1_742' title='bbox 3364 4313 3449 4368; x_wconf 88' lang='lat' dir='ltr'><strong>eis</strong></span> <span class='ocrx_word' id='word_1_743' title='bbox 3474 4313 3497 4381; x_wconf 72' lang='grc' dir='ltr'>ζ</span> 
     </span>
     <span class='ocr_line' id='line_1_66' title="bbox 256 4400 3504 4473; baseline 0.001 -15"><span class='ocrx_word' id='word_1_744' title='bbox 256 4411 367 4458; x_wconf 86' lang='lat' dir='ltr'><strong>tam</strong></span> <span class='ocrx_word' id='word_1_745' title='bbox 402 4401 766 4458; x_wconf 82' lang='lat' dir='ltr'><strong>humiliabant</strong></span> <span class='ocrx_word' id='word_1_746' title='bbox 788 4403 848 4459; x_wconf 89' lang='lat' dir='ltr'><strong>iu</strong></span> <span class='ocrx_word' id='word_1_747' title='bbox 903 4411 977 4462; x_wconf 89' lang='lat' dir='ltr'><strong>te.</strong></span> <span class='ocrx_word' id='word_1_748' title='bbox 1031 4402 1120 4460; x_wconf 88' lang='grc'><strong>11.</strong></span> <span class='ocrx_word' id='word_1_749' title='bbox 1164 4400 1558 4473; x_wconf 86' lang='lat' dir='ltr'><strong>Unusquisque</strong></span> <span class='ocrx_word' id='word_1_750' title='bbox 1598 4413 1824 4457; x_wconf 85' lang='lat' dir='ltr'><strong>uxorem</strong></span> <span class='ocrx_word' id='word_1_751' title='bbox 1930 4403 2241 4472; x_wconf 80' lang='lat' dir='ltr'><strong>mendacia,</strong></span> <span class='ocrx_word' id='word_1_752' title='bbox 2270 4404 2515 4463; x_wconf 85' lang='lat' dir='ltr'><strong>dicentes</strong></span> <span class='ocrx_word' id='word_1_753' title='bbox 2537 4422 2552 4459; x_wconf 74' lang='grc' dir='ltr'>ι</span> <span class='ocrx_word' id='word_1_754' title='bbox 2574 4402 2704 4461; x_wconf 80' lang='lat' dir='ltr'><strong>Raec</strong></span> <span class='ocrx_word' id='word_1_755' title='bbox 2729 4401 2863 4460; x_wconf 88' lang='lat' dir='ltr'><strong>dicit</strong></span> <span class='ocrx_word' id='word_1_756' title='bbox 2884 4403 3097 4461; x_wconf 78' lang='lat' dir='ltr'><strong>Adonai</strong></span> <span class='ocrx_word' id='word_1_757' title='bbox 3128 4404 3413 4470; x_wconf 89' lang='lat' dir='ltr'><strong>Dominus,</strong></span> <span class='ocrx_word' id='word_1_758' title='bbox 3449 4416 3504 4461; x_wconf 91' lang='lat' dir='ltr'><strong>ct</strong></span> 
     </span>
     <span class='ocr_line' id='line_1_67' title="bbox 257 4478 3503 4570; baseline 0.001 -21"><span class='ocrx_word' id='word_1_759' title='bbox 257 4494 493 4565; x_wconf 76' lang='lat' dir='ltr'><strong>proximi</strong></span> <span class='ocrx_word' id='word_1_760' title='bbox 511 4494 601 4551; x_wconf 90' lang='lat' dir='ltr'><strong>sui</strong></span> <span class='ocrx_word' id='word_1_761' title='bbox 623 4495 814 4567; x_wconf 87' lang='lat' dir='ltr'><strong>inique</strong></span> <span class='ocrx_word' id='word_1_762' title='bbox 871 4493 1173 4566; x_wconf 83' lang='lat' dir='ltr'><strong>ignominia</strong></span> <span class='ocrx_word' id='word_1_763' title='bbox 1205 4493 1409 4560; x_wconf 78' lang='lat' dir='ltr'><strong>affecit,</strong></span> <span class='ocrx_word' id='word_1_764' title='bbox 1429 4501 1486 4549; x_wconf 88' lang='lat' dir='ltr'><strong>et</strong></span> <span class='ocrx_word' id='word_1_765' title='bbox 1527 4493 1828 4565; x_wconf 87' lang='lat' dir='ltr'><strong>uuusquis—</strong></span> <span class='ocrx_word' id='word_1_766' title='bbox 1857 4478 1904 4536; x_wconf 70' lang='lat'><strong>¹)</strong></span> <span class='ocrx_word' id='word_1_767' title='bbox 1930 4494 2202 4554; x_wconf 84' lang='lat' dir='ltr'><strong>Dominus</strong></span> <span class='ocrx_word' id='word_1_768' title='bbox 2230 4512 2341 4553; x_wconf 90' lang='lat' dir='ltr'><strong>non</strong></span> <span class='ocrx_word' id='word_1_769' title='bbox 2372 4495 2589 4555; x_wconf 84' lang='lat' dir='ltr'><strong>locutus</strong></span> <span class='ocrx_word' id='word_1_770' title='bbox 2622 4504 2747 4554; x_wconf 84' lang='lat' dir='ltr'><strong>est:</strong></span> <span class='ocrx_word' id='word_1_771' title='bbox 2780 4496 2870 4554; x_wconf 77' lang='grc'><strong>29.</strong></span> <span class='ocrx_word' id='word_1_772' title='bbox 2887 4498 3149 4570; x_wconf 85' lang='lat' dir='ltr'><strong>populum</strong></span> <span class='ocrx_word' id='word_1_773' title='bbox 3198 4506 3356 4555; x_wconf 70' lang='lat' dir='ltr'><strong>terra</strong></span> <span class='ocrx_word' id='word_1_774' title='bbox 3379 4511 3503 4569; x_wconf 88' lang='lat' dir='ltr'><strong>pre-</strong></span> 
     </span>
     <span class='ocr_line' id='line_1_68' title="bbox 256 4583 3504 4663; baseline 0.001 -21"><span class='ocrx_word' id='word_1_775' title='bbox 256 4600 362 4657; x_wconf 87' lang='lat' dir='ltr'><strong>que</strong></span> <span class='ocrx_word' id='word_1_776' title='bbox 422 4601 623 4643; x_wconf 83' lang='lat' dir='ltr'><strong>nurum</strong></span> <span class='ocrx_word' id='word_1_777' title='bbox 671 4600 831 4643; x_wconf 86' lang='lat' dir='ltr'><strong>suam</strong></span> <span class='ocrx_word' id='word_1_778' title='bbox 881 4585 1278 4643; x_wconf 77' lang='lat' dir='ltr'><strong>contaminavit</strong></span> <span class='ocrx_word' id='word_1_779' title='bbox 1331 4585 1389 4642; x_wconf 85' lang='lat' dir='ltr'><strong>in</strong></span> <span class='ocrx_word' id='word_1_780' title='bbox 1432 4583 1737 4658; x_wconf 83' lang='lat' dir='ltr'><strong>impietate,</strong></span> <span class='ocrx_word' id='word_1_781' title='bbox 1774 4592 1831 4640; x_wconf 89' lang='lat' dir='ltr'><strong>et</strong></span> <span class='ocrx_word' id='word_1_782' title='bbox 1929 4597 2145 4647; x_wconf 89' lang='lat' dir='ltr'><strong>mentes</strong></span> <span class='ocrx_word' id='word_1_783' title='bbox 2171 4588 2398 4660; x_wconf 80' lang='lat' dir='ltr'><strong>injusto,</strong></span> <span class='ocrx_word' id='word_1_784' title='bbox 2421 4596 2476 4646; x_wconf 92' lang='lat' dir='ltr'><strong>et</strong></span> <span class='ocrx_word' id='word_1_785' title='bbox 2514 4588 2835 4661; x_wconf 80' lang='lat' dir='ltr'><strong>diripientes</strong></span> <span class='ocrx_word' id='word_1_786' title='bbox 2894 4589 3140 4663; x_wconf 84' lang='lat' dir='ltr'><strong>rapinas,</strong></span> <span class='ocrx_word' id='word_1_787' title='bbox 3189 4604 3422 4661; x_wconf 87' lang='lat' dir='ltr'><strong>egenum</strong></span> <span class='ocrx_word' id='word_1_788' title='bbox 3449 4599 3504 4645; x_wconf 89' lang='lat' dir='ltr'><strong>et</strong></span> 
     </span>
     <span class='ocr_line' id='line_1_69' title="bbox 256 4676 3503 4760; baseline 0 -25"><span class='ocrx_word' id='word_1_789' title='bbox 256 4679 635 4752; x_wconf 82' lang='lat' dir='ltr'><strong>unusquisque</strong></span> <span class='ocrx_word' id='word_1_790' title='bbox 656 4693 903 4736; x_wconf 84' lang='lat' dir='ltr'><strong>sororem</strong></span> <span class='ocrx_word' id='word_1_791' title='bbox 933 4693 1112 4748; x_wconf 83' lang='lat' dir='ltr'><strong>suam,</strong></span> <span class='ocrx_word' id='word_1_792' title='bbox 1169 4678 1337 4736; x_wconf 82' lang='lat' dir='ltr'><strong>tiliam</strong></span> <span class='ocrx_word' id='word_1_793' title='bbox 1386 4681 1558 4751; x_wconf 84' lang='lat' dir='ltr'><strong>patris</strong></span> <span class='ocrx_word' id='word_1_794' title='bbox 1581 4677 1691 4744; x_wconf 85' lang='lat' dir='ltr'><strong>sui,</strong></span> <span class='ocrx_word' id='word_1_795' title='bbox 1722 4676 1830 4734; x_wconf 89' lang='lat' dir='ltr'><strong>bu·</strong></span> <span class='ocrx_word' id='word_1_796' title='bbox 1928 4695 2226 4753; x_wconf 86' lang='lat' dir='ltr'><strong>pauperem</strong></span> <span class='ocrx_word' id='word_1_797' title='bbox 2255 4680 2646 4753; x_wconf 84' lang='lat' dir='ltr'><strong>opprimentes,</strong></span> <span class='ocrx_word' id='word_1_798' title='bbox 2695 4689 2752 4738; x_wconf 91' lang='lat' dir='ltr'><strong>et</strong></span> <span class='ocrx_word' id='word_1_799' title='bbox 2790 4695 2921 4757; x_wconf 81' lang='lat' dir='ltr'><strong>erga</strong></span> <span class='ocrx_word' id='word_1_800' title='bbox 2962 4681 3227 4738; x_wconf 81' lang='lat' dir='ltr'><strong>advenam</strong></span> <span class='ocrx_word' id='word_1_801' title='bbox 3268 4682 3368 4760; x_wconf 80' lang='grc' dir='ltr'>(ιιι)</span> <span class='ocrx_word' id='word_1_802' title='bbox 3392 4696 3503 4737; x_wconf 88' lang='lat' dir='ltr'><strong>non</strong></span> 
     </span>
     <span class='ocr_line' id='line_1_70' title="bbox 259 4768 3504 4847; baseline 0.002 -23"><span class='ocrx_word' id='word_1_803' title='bbox 259 4769 538 4828; x_wconf 82' lang='lat' dir='ltr'><strong>miliabant</strong></span> <span class='ocrx_word' id='word_1_804' title='bbox 564 4769 622 4828; x_wconf 86' lang='lat' dir='ltr'><strong>in</strong></span> <span class='ocrx_word' id='word_1_805' title='bbox 669 4778 742 4828; x_wconf 89' lang='lat' dir='ltr'><strong>te.</strong></span> <span class='ocrx_word' id='word_1_806' title='bbox 792 4769 883 4829; x_wconf 85' lang='grc'><strong>12.</strong></span> <span class='ocrx_word' id='word_1_807' title='bbox 928 4768 1130 4826; x_wconf 67' lang='lat' dir='ltr'><strong>Munus</strong></span> <span class='ocrx_word' id='word_1_808' title='bbox 1171 4770 1514 4842; x_wconf 72' lang='lat' dir='ltr'><strong>accipiebant</strong></span> <span class='ocrx_word' id='word_1_809' title='bbox 1567 4769 1623 4828; x_wconf 86' lang='lat' dir='ltr'><strong>in</strong></span> <span class='ocrx_word' id='word_1_810' title='bbox 1660 4779 1736 4835; x_wconf 89' lang='lat' dir='ltr'><strong>te,</strong></span> <span class='ocrx_word' id='word_1_811' title='bbox 1767 4777 1831 4825; x_wconf 87' lang='lat' dir='ltr'><strong>ut</strong></span> <span class='ocrx_word' id='word_1_812' title='bbox 1927 4780 2320 4832; x_wconf 84' lang='lat' dir='ltr'><strong>conversantes</strong></span> <span class='ocrx_word' id='word_1_813' title='bbox 2351 4789 2478 4834; x_wconf 88' lang='lat' dir='ltr'><strong>cum</strong></span> <span class='ocrx_word' id='word_1_814' title='bbox 2496 4773 2729 4846; x_wconf 79' lang='lat' dir='ltr'><strong>iudicio.</strong></span> <span class='ocrx_word' id='word_1_815' title='bbox 2757 4774 2849 4832; x_wconf 75' lang='lat'><strong>5⁰.</strong></span> <span class='ocrx_word' id='word_1_816' title='bbox 2886 4774 2956 4831; x_wconf 81' lang='lat' dir='ltr'><strong>Et</strong></span> <span class='ocrx_word' id='word_1_817' title='bbox 2982 4774 3294 4847; x_wconf 61' lang='lat' dir='ltr'><strong>quaerebam</strong></span> <span class='ocrx_word' id='word_1_818' title='bbox 3326 4789 3393 4829; x_wconf 79' lang='lat' dir='ltr'><strong>ex</strong></span> <span class='ocrx_word' id='word_1_819' title='bbox 3422 4773 3504 4829; x_wconf 90' lang='lat' dir='ltr'><strong>eis</strong></span> 
     </span>
     <span class='ocr_line' id='line_1_71' title="bbox 257 4857 3505 4940; baseline 0.002 -26"><span class='ocrx_word' id='word_1_820' title='bbox 257 4857 595 4919; x_wconf 71' lang='lat' dir='ltr'><strong>effunderent</strong></span> <span class='ocrx_word' id='word_1_821' title='bbox 647 4861 968 4935; x_wconf 76' lang='lat' dir='ltr'><strong>sanguinem</strong></span> <span class='ocrx_word' id='word_1_822' title='bbox 998 4879 1013 4917; x_wconf 73' lang='grc' dir='ltr'><strong><em>ε</em></strong></span> <span class='ocrx_word' id='word_1_823' title='bbox 1090 4877 1314 4922; x_wconf 75' lang='lat' dir='ltr'><strong>usuram</strong></span> <span class='ocrx_word' id='word_1_824' title='bbox 1376 4870 1434 4920; x_wconf 86' lang='lat' dir='ltr'><strong>et</strong></span> <span class='ocrx_word' id='word_1_825' title='bbox 1487 4860 1824 4935; x_wconf 78' lang='lat' dir='ltr'><strong>superfluum</strong></span> <span class='ocrx_word' id='word_1_826' title='bbox 1926 4865 2130 4934; x_wconf 76' lang='lat' dir='ltr'><strong>virum,</strong></span> <span class='ocrx_word' id='word_1_827' title='bbox 2160 4865 2239 4940; x_wconf 79' lang='grc' dir='ltr'>(ιι)</span> <span class='ocrx_word' id='word_1_828' title='bbox 2270 4867 2363 4939; x_wconf 88' lang='lat' dir='ltr'><strong>qui</strong></span> <span class='ocrx_word' id='word_1_829' title='bbox 2388 4875 2804 4924; x_wconf 78' lang='lat' dir='ltr'><strong>conversaretur</strong></span> <span class='ocrx_word' id='word_1_830' title='bbox 2834 4874 3002 4935; x_wconf 86' lang='lat' dir='ltr'><strong>reete,</strong></span> <span class='ocrx_word' id='word_1_831' title='bbox 3041 4875 3095 4923; x_wconf 90' lang='lat' dir='ltr'><strong>et</strong></span> <span class='ocrx_word' id='word_1_832' title='bbox 3125 4865 3221 4937; x_wconf 88' lang='lat' dir='ltr'><strong>qui</strong></span> <span class='ocrx_word' id='word_1_833' title='bbox 3251 4873 3505 4921; x_wconf 76' lang='lat' dir='ltr'><strong>stat-etex</strong></span> 
     </span>
     <span class='ocr_line' id='line_1_72' title="bbox 262 4951 3503 5031; baseline 0.002 -26"><span class='ocrx_word' id='word_1_834' title='bbox 262 4951 596 5023; x_wconf 85' lang='lat' dir='ltr'><strong>accipiebant</strong></span> <span class='ocrx_word' id='word_1_835' title='bbox 615 4955 673 5010; x_wconf 89' lang='lat' dir='ltr'><strong>in</strong></span> <span class='ocrx_word' id='word_1_836' title='bbox 702 4961 795 5012; x_wconf 81' lang='lat' dir='ltr'><strong>te:</strong></span> <span class='ocrx_word' id='word_1_837' title='bbox 843 4964 900 5012; x_wconf 86' lang='lat' dir='ltr'><strong>et</strong></span> <span class='ocrx_word' id='word_1_838' title='bbox 938 4955 1336 5014; x_wconf 89' lang='lat' dir='ltr'><strong>consummasti</strong></span> <span class='ocrx_word' id='word_1_839' title='bbox 1389 4952 1826 5011; x_wconf 85' lang='lat' dir='ltr'><strong>consummatio·</strong></span> <span class='ocrx_word' id='word_1_840' title='bbox 1932 4967 2050 5016; x_wconf 73' lang='lat' dir='ltr'><strong>toto</strong></span> <span class='ocrx_word' id='word_1_841' title='bbox 2080 4967 2207 5016; x_wconf 70' lang='lat' dir='ltr'><strong>ante</strong></span> <span class='ocrx_word' id='word_1_842' title='bbox 2231 4957 2429 5016; x_wconf 61' lang='lat' dir='ltr'><strong>faciem</strong></span> <span class='ocrx_word' id='word_1_843' title='bbox 2458 4975 2635 5016; x_wconf 74' lang='lat' dir='ltr'><strong>meam</strong></span> <span class='ocrx_word' id='word_1_844' title='bbox 2663 4959 2719 5017; x_wconf 80' lang='lat' dir='ltr'><strong>in</strong></span> <span class='ocrx_word' id='word_1_845' title='bbox 2757 4971 3003 5031; x_wconf 64' lang='lat' dir='ltr'><strong>tempore</strong></span> <span class='ocrx_word' id='word_1_846' title='bbox 3031 4959 3106 5031; x_wconf 83' lang='grc' dir='ltr'><strong>(ο)</strong></span> <span class='ocrx_word' id='word_1_847' title='bbox 3134 4959 3247 5024; x_wconf 66' lang='lat' dir='ltr'><strong>im,</strong></span> <span class='ocrx_word' id='word_1_848' title='bbox 3274 4967 3336 5014; x_wconf 87' lang='lat' dir='ltr'><strong>ut</strong></span> <span class='ocrx_word' id='word_1_849' title='bbox 3362 4957 3503 5012; x_wconf 85' lang='lat' dir='ltr'><strong>nein</strong></span> 
     </span>
     <span class='ocr_line' id='line_1_73' title="bbox 265 5043 3504 5120; baseline 0.002 -24"><span class='ocrx_word' id='word_1_850' title='bbox 265 5055 384 5097; x_wconf 88' lang='lat' dir='ltr'><strong>nem</strong></span> <span class='ocrx_word' id='word_1_851' title='bbox 413 5045 633 5101; x_wconf 65' lang='lat' dir='ltr'><strong>malitia</strong></span> <span class='ocrx_word' id='word_1_852' title='bbox 655 5053 782 5113; x_wconf 75' lang='lat' dir='ltr'><strong>tum,</strong></span> <span class='ocrx_word' id='word_1_853' title='bbox 816 5062 933 5119; x_wconf 64' lang='lat' dir='ltr'><strong>qna</strong></span> <span class='ocrx_word' id='word_1_854' title='bbox 985 5047 1041 5105; x_wconf 89' lang='lat' dir='ltr'><strong>in</strong></span> <span class='ocrx_word' id='word_1_855' title='bbox 1070 5047 1429 5120; x_wconf 86' lang='lat' dir='ltr'><strong>oppressione</strong></span> <span class='ocrx_word' id='word_1_856' title='bbox 1459 5062 1476 5098; x_wconf 77' lang='lat' dir='ltr'><em>z</em></span> <span class='ocrx_word' id='word_1_857' title='bbox 1508 5043 1616 5102; x_wconf 84' lang='lat' dir='ltr'><strong>mei</strong></span> <span class='ocrx_word' id='word_1_858' title='bbox 1642 5054 1824 5104; x_wconf 86' lang='lat' dir='ltr'><strong>autem</strong></span> <span class='ocrx_word' id='word_1_859' title='bbox 1932 5048 2096 5106; x_wconf 78' lang='lat' dir='ltr'><strong>tinem</strong></span> <span class='ocrx_word' id='word_1_860' title='bbox 2124 5049 2361 5107; x_wconf 81' lang='lat' dir='ltr'><strong>delerem</strong></span> <span class='ocrx_word' id='word_1_861' title='bbox 2399 5064 2543 5117; x_wconf 88' lang='lat' dir='ltr'><strong>eam,</strong></span> <span class='ocrx_word' id='word_1_862' title='bbox 2574 5060 2632 5107; x_wconf 83' lang='lat' dir='ltr'><strong>et</strong></span> <span class='ocrx_word' id='word_1_863' title='bbox 2683 5066 2792 5107; x_wconf 82' lang='lat' dir='ltr'><strong>non</strong></span> <span class='ocrx_word' id='word_1_864' title='bbox 2843 5050 3050 5107; x_wconf 84' lang='lat' dir='ltr'><strong>inveni.</strong></span> <span class='ocrx_word' id='word_1_865' title='bbox 3103 5050 3195 5106; x_wconf 72' lang='grc'><strong>51.</strong></span> <span class='ocrx_word' id='word_1_866' title='bbox 3248 5049 3314 5104; x_wconf 75' lang='lat' dir='ltr'><strong>Et</strong></span> <span class='ocrx_word' id='word_1_867' title='bbox 3338 5046 3504 5105; x_wconf 74' lang='lat' dir='ltr'><strong>effudi</strong></span> 
     </span>
    </p>
   </div>
   <div class='ocr_carea' id='block_1_12' title="bbox 262 5179 3503 5751">
    <p class='ocr_par' dir='ltr' id='par_1_12' title="bbox 262 5179 3503 5751">
     <span class='ocr_line' id='line_1_74' title="bbox 262 5179 3503 5315; baseline 0.003 -80"><span class='ocrx_word' id='word_1_868' title='bbox 262 5180 409 5305; x_wconf 62' lang='lat' dir='ltr'><strong>edon)</strong></span> <span class='ocrx_word' id='word_1_869' title='bbox 437 5179 601 5239; x_wconf 80' lang='lat' dir='ltr'><strong>Dens.</strong></span> <span class='ocrx_word' id='word_1_870' title='bbox 676 5184 754 5253; x_wconf 73' lang='grc' dir='ltr'><strong>(ε)</strong></span> <span class='ocrx_word' id='word_1_871' title='bbox 779 5184 862 5251; x_wconf 84' lang='lat' dir='ltr'><strong>S.,</strong></span> <span class='ocrx_word' id='word_1_872' title='bbox 889 5200 1139 5258; x_wconf 76' lang='lat' dir='ltr'><strong>possessa</strong></span> <span class='ocrx_word' id='word_1_873' title='bbox 1173 5194 1289 5241; x_wconf 90' lang='lat' dir='ltr'><strong>tua.</strong></span> <span class='ocrx_word' id='word_1_874' title='bbox 1323 5182 1447 5248; x_wconf 72' lang='lat' dir='ltr'><strong>Th„</strong></span> <span class='ocrx_word' id='word_1_875' title='bbox 1479 5183 1834 5268; x_wconf 74' lang='lat' dir='ltr'><strong>stabilimenti</strong></span> <span class='ocrx_word' id='word_1_876' title='bbox 1858 5185 2060 5269; x_wconf 71' lang='lat' dir='ltr'><strong>radicis</strong></span> <span class='ocrx_word' id='word_1_877' title='bbox 2088 5194 2216 5245; x_wconf 71' lang='lat' dir='ltr'><strong>tute.</strong></span> <span class='ocrx_word' id='word_1_878' title='bbox 2282 5186 2374 5315; x_wconf 55' lang='lat' dir='ltr'><strong>g)</strong></span> <span class='ocrx_word' id='word_1_879' title='bbox 2400 5186 2631 5270; x_wconf 76' lang='lat' dir='ltr'><strong>Adonai.</strong></span> <span class='ocrx_word' id='word_1_880' title='bbox 2706 5186 2783 5261; x_wconf 68' lang='grc' dir='ltr'><strong>(ι)</strong></span> <span class='ocrx_word' id='word_1_881' title='bbox 2811 5186 2977 5246; x_wconf 90' lang='lat' dir='ltr'><strong>Deus.</strong></span> <span class='ocrx_word' id='word_1_882' title='bbox 3055 5188 3133 5259; x_wconf 83' lang='lat' dir='ltr'><strong>(a)</strong></span> <span class='ocrx_word' id='word_1_883' title='bbox 3163 5185 3250 5270; x_wconf 66' lang='lat' dir='ltr'><strong>S.,</strong></span> <span class='ocrx_word' id='word_1_884' title='bbox 3286 5187 3503 5272; x_wconf 71' lang='lat' dir='ltr'><strong>signum</strong></span> 
     </span>
     <span class='ocr_line' id='line_1_75' title="bbox 266 5250 3503 5411; baseline 0.003 -36"><span class='ocrx_word' id='word_1_885' title='bbox 266 5250 746 5405; x_wconf 51' lang='grc' dir='ltr'><strong>τιῗῗιὲἰὶἑῖῗῗί</strong></span> <span class='ocrx_word' id='word_1_886' title='bbox 779 5270 1181 5386; x_wconf 59' lang='grc' dir='ltr'><strong>2ῗίἱὲἱὲὛὲ</strong></span> <span class='ocrx_word' id='word_1_887' title='bbox 1205 5255 2281 5398; x_wconf 37' lang='lat' dir='ltr'><strong>tantvm},²¹l;f‡.¹.¹.¹:2¹;‘.?3.?3’.t:l</strong></span> <span class='ocrx_word' id='word_1_888' title='bbox 2364 5265 2723 5411; x_wconf 64' lang='lat' dir='ltr'><strong>·.332m}2{?323.</strong></span> <span class='ocrx_word' id='word_1_889' title='bbox 2801 5258 2882 5399; x_wconf 61' lang='lat'><strong>{33</strong></span> <span class='ocrx_word' id='word_1_890' title='bbox 2910 5259 2999 5390; x_wconf 67' lang='lat'><strong>{11</strong></span> <span class='ocrx_word' id='word_1_891' title='bbox 3042 5259 3503 5410; x_wconf 49' lang='lat' dir='ltr'><strong>{iffffdlssiisswit</strong></span> 
     </span>
     <span class='ocr_line' id='line_1_76' title="bbox 263 5393 3501 5482; baseline 0.003 -37"><span class='ocrx_word' id='word_1_892' title='bbox 263 5404 446 5474; x_wconf 70' lang='lat' dir='ltr'><strong>coram</strong></span> <span class='ocrx_word' id='word_1_893' title='bbox 494 5393 767 5464; x_wconf 76' lang='lat' dir='ltr'><strong>gentibus.</strong></span> <span class='ocrx_word' id='word_1_894' title='bbox 869 5395 940 5465; x_wconf 82' lang='lat' dir='ltr'><strong>(e)</strong></span> <span class='ocrx_word' id='word_1_895' title='bbox 975 5394 1058 5458; x_wconf 84' lang='lat' dir='ltr'><strong>S.,</strong></span> <span class='ocrx_word' id='word_1_896' title='bbox 1087 5394 1370 5468; x_wconf 69' lang='lat' dir='ltr'><strong>permistio</strong></span> <span class='ocrx_word' id='word_1_897' title='bbox 1395 5402 1554 5451; x_wconf 87' lang='lat' dir='ltr'><strong>tetra.</strong></span> <span class='ocrx_word' id='word_1_898' title='bbox 1587 5393 1710 5462; x_wconf 70' lang='lat' dir='ltr'><strong>Tin,</strong></span> <span class='ocrx_word' id='word_1_899' title='bbox 1743 5396 1799 5451; x_wconf 90' lang='lat' dir='ltr'><strong>in</strong></span> <span class='ocrx_word' id='word_1_900' title='bbox 1833 5396 2127 5454; x_wconf 84' lang='lat' dir='ltr'><strong>calculum.</strong></span> <span class='ocrx_word' id='word_1_901' title='bbox 2232 5400 2303 5482; x_wconf 57' lang='lat' dir='ltr'><strong>ts)</strong></span> <span class='ocrx_word' id='word_1_902' title='bbox 2358 5400 2418 5465; x_wconf 84' lang='grc'><strong>“.,</strong></span> <span class='ocrx_word' id='word_1_903' title='bbox 2448 5406 2729 5468; x_wconf 78' lang='lat' dir='ltr'><strong>permistio</strong></span> <span class='ocrx_word' id='word_1_904' title='bbox 2768 5406 2929 5480; x_wconf 70' lang='lat' dir='ltr'><strong>tetra.</strong></span> <span class='ocrx_word' id='word_1_905' title='bbox 2957 5396 3081 5481; x_wconf 49' lang='lat' dir='ltr'><strong>Ty..</strong></span> <span class='ocrx_word' id='word_1_906' title='bbox 3122 5413 3176 5454; x_wconf 85' lang='lat' dir='ltr'><strong>tn</strong></span> <span class='ocrx_word' id='word_1_907' title='bbox 3209 5406 3501 5482; x_wconf 76' lang='lat' dir='ltr'><strong>argentum</strong></span> 
     </span>
     <span class='ocr_line' id='line_1_77' title="bbox 263 5461 3498 5595; baseline 0.002 -79"><span class='ocrx_word' id='word_1_908' title='bbox 263 5475 450 5516; x_wconf 65' lang='lat' dir='ltr'><strong>mona</strong></span> <span class='ocrx_word' id='word_1_909' title='bbox 478 5461 632 5519; x_wconf 70' lang='lat' dir='ltr'><strong>factm</strong></span> <span class='ocrx_word' id='word_1_910' title='bbox 653 5472 803 5522; x_wconf 87' lang='lat' dir='ltr'><strong>sunt.</strong></span> <span class='ocrx_word' id='word_1_911' title='bbox 891 5466 982 5590; x_wconf 60' lang='lat' dir='ltr'><strong>(ti</strong></span> <span class='ocrx_word' id='word_1_912' title='bbox 1002 5464 1086 5531; x_wconf 89' lang='lat' dir='ltr'><strong>S.,</strong></span> <span class='ocrx_word' id='word_1_913' title='bbox 1116 5479 1240 5550; x_wconf 60' lang='lat' dir='ltr'><strong>quae</strong></span> <span class='ocrx_word' id='word_1_914' title='bbox 1266 5463 1656 5549; x_wconf 74' lang='lat' dir='ltr'><strong>nonmundata</strong></span> <span class='ocrx_word' id='word_1_915' title='bbox 1687 5474 1795 5591; x_wconf 60' lang='grc' dir='ltr'><strong>ῗιῖ</strong></span> <span class='ocrx_word' id='word_1_916' title='bbox 1825 5480 1990 5537; x_wconf 83' lang='lat' dir='ltr'><strong>super</strong></span> <span class='ocrx_word' id='word_1_917' title='bbox 2007 5482 2170 5592; x_wconf 56' lang='lat' dir='ltr'><strong>qaam</strong></span> <span class='ocrx_word' id='word_1_918' title='bbox 2202 5467 2381 5593; x_wconf 53' lang='lat' dir='ltr'><strong>buconius</strong></span> <span class='ocrx_word' id='word_1_919' title='bbox 2421 5483 2531 5524; x_wconf 90' lang='lat' dir='ltr'><strong>non</strong></span> <span class='ocrx_word' id='word_1_920' title='bbox 2566 5465 2707 5592; x_wconf 57' lang='lat' dir='ltr'><strong>fact:</strong></span> <span class='ocrx_word' id='word_1_921' title='bbox 2740 5474 2845 5592; x_wconf 50' lang='grc' dir='ltr'><strong>ξι.</strong></span> <span class='ocrx_word' id='word_1_922' title='bbox 2878 5484 2932 5522; x_wconf 81' lang='grc' dir='ltr'><strong>ιιι</strong></span> <span class='ocrx_word' id='word_1_923' title='bbox 2954 5467 3066 5594; x_wconf 47' lang='lat' dir='ltr'><strong>&#39;da</strong></span> <span class='ocrx_word' id='word_1_924' title='bbox 3086 5468 3498 5595; x_wconf 57' lang='lat' dir='ltr'><strong>infirepattoms.</strong></span> 
     </span>
     <span class='ocr_line' id='line_1_78' title="bbox 262 5527 3500 5682; baseline 0.003 -28"><span class='ocrx_word' id='word_1_925' title='bbox 262 5527 899 5682; x_wconf 48' lang='lat' dir='ltr'><strong>{samiam</strong></span> <span class='ocrx_word' id='word_1_926' title='bbox 945 5535 1006 5672; x_wconf 63' lang='grc' dir='ltr'><strong>Εἰ·</strong></span> <span class='ocrx_word' id='word_1_927' title='bbox 1025 5537 1533 5672; x_wconf 61' lang='lat'><strong>§15355353153355’</strong></span> <span class='ocrx_word' id='word_1_928' title='bbox 1562 5549 2143 5676; x_wconf 55' lang='lat' dir='ltr'><strong>fiftfsffittsitz.</strong></span> <span class='ocrx_word' id='word_1_929' title='bbox 2157 5539 2565 5678; x_wconf 57' lang='lat'><strong>”93123213‘31</strong></span> <span class='ocrx_word' id='word_1_930' title='bbox 2640 5539 2839 5680; x_wconf 52' lang='lat' dir='ltr'><strong>{o’sss’</strong></span> <span class='ocrx_word' id='word_1_931' title='bbox 2855 5554 3247 5680; x_wconf 45' lang='lat' dir='ltr'><strong>aiamim}</strong></span> <span class='ocrx_word' id='word_1_932' title='bbox 3265 5554 3361 5665; x_wconf 62' lang='lat'><strong>02¹2</strong></span> <span class='ocrx_word' id='word_1_933' title='bbox 3381 5552 3500 5664; x_wconf 61' lang='lat'><strong>3:311</strong></span> 
     </span>
     <span class='ocr_line' id='line_1_79' title="bbox 267 5608 3355 5751; baseline 0.002 -23"><span class='ocrx_word' id='word_1_934' title='bbox 267 5670 629 5731; x_wconf 70' lang='lat' dir='ltr'><strong>condimento.</strong></span> <span class='ocrx_word' id='word_1_935' title='bbox 669 5673 789 5747; x_wconf 66' lang='lat' dir='ltr'><strong>Tin,</strong></span> <span class='ocrx_word' id='word_1_936' title='bbox 831 5608 1081 5735; x_wconf 46' lang='lat' dir='ltr'><strong>stultitia.</strong></span> <span class='ocrx_word' id='word_1_937' title='bbox 1155 5676 1254 5748; x_wconf 76' lang='grc' dir='ltr'>(ιιι)</span> <span class='ocrx_word' id='word_1_938' title='bbox 1283 5673 1364 5746; x_wconf 71' lang='lat' dir='ltr'><strong>S.,</strong></span> <span class='ocrx_word' id='word_1_939' title='bbox 1392 5684 1784 5748; x_wconf 84' lang='lat' dir='ltr'><strong>oppresserunt</strong></span> <span class='ocrx_word' id='word_1_940' title='bbox 1808 5675 2016 5748; x_wconf 85' lang='lat' dir='ltr'><strong>inique.</strong></span> <span class='ocrx_word' id='word_1_941' title='bbox 2094 5675 2175 5749; x_wconf 83' lang='lat' dir='ltr'><strong>(n)</strong></span> <span class='ocrx_word' id='word_1_942' title='bbox 2202 5676 2285 5745; x_wconf 85' lang='lat' dir='ltr'><strong>S.,</strong></span> <span class='ocrx_word' id='word_1_943' title='bbox 2317 5678 2728 5750; x_wconf 84' lang='lat' dir='ltr'><strong>quiaedillcaret</strong></span> <span class='ocrx_word' id='word_1_944' title='bbox 2755 5693 2961 5751; x_wconf 85' lang='lat' dir='ltr'><strong>sepem.</strong></span> <span class='ocrx_word' id='word_1_945' title='bbox 3039 5679 3115 5751; x_wconf 83' lang='grc' dir='ltr'><strong>(ο)</strong></span> <span class='ocrx_word' id='word_1_946' title='bbox 3151 5676 3355 5735; x_wconf 61' lang='lat' dir='ltr'><strong>Terrae.</strong></span> 
     </span>
    </p>
   </div>
  </div>
 </body>
</html>
