3967 6217
1405 304 1811 362 ntsztzctms
1835 303 2069 363 CAPUT
2090 306 2182 365 lv:

3239 313 3402 376 mr

129 415 369 475 on-‘ss
429 418 849 476 circumcirca.
884 413 1013 473 ilaec
1042 416 1180 474 visio
1230 418 1610 476 similitudinis
1646 427 1703 476 et
1728 421 1778 480 A
1804 430 1985 490 tuum,
2019 432 2075 480 et
2103 424 2334 482 auribus
2361 425 2472 483 tuis
2494 426 2662 484 audi:
2694 430 2784 484 tt.
2821 431 3058 500 etratle,
3089 432 3379 505 ingredere

129 526 171 566 e
206 510 548 568 Domini
571 530 586 567 ε
612 521 670 567 et
691 510 824 576 vidi,
845 521 901 569 et
922 511 1061 569 cado
1082 526 1250 583 super
1270 509 1473 570 faciem
1498 527 1698 579 meam,

129 599 303 656 tl‘wi
352 615 606 658 vocem
639 601 935 672 loquentis.

128 709 219 765 p.
274 693 400 762 n,
452 696 525 750 1.
561 693 630 750 Et
671 695 814 750 dixit
862 695 932 752 ad
974 710 1103 753 met
1149 694 1252 753 Fili
1302 696 1564 764 hominis,
1615 708 1699 755 stu

129 799 157 839 r
209 784 467 857 pedes
529 795 677 852 tuos,
710 786 787 857 (o)
834 794 889 842 et
918 785 1115 857 loquar
1139 787 1209 844 ad
1256 795 1328 844 te.
1361 787 1416 843 2.
1455 788 1524 845 Et
1557 790 1703 847 venit

134 892 175 931 ι·
234 891 367 933 me
396 876 688 948 spiritus,
715 887 773 935 et
801 881 1067 938 assumsit
1094 894 1201 948 me,
1233 890 1291 938 et
1315 881 1550 939 elevavit
1590 898 1698 948 me,

129 969 333 1024 atuit
386 983 511 1026 me
545 985 715 1042 snper
745 971 913 1042 pedes
945 985 1122 1036 meos,
1152 982 1206 1030 et
1237 974 1528 1031 audiebam
1572 990 1698 1032 eum

129 1071 385 1116 entem
433 1062 527 1117 ad
560 1077 667 1119 me.
699 1061 757 1120 3.
793 1064 859 1119 Et
883 1063 1025 1120 dixit
1047 1064 1114 1121 ad
1142 1080 1270 1124 me:
1303 1064 1404 1121 Fili
1438 1068 1695 1135 bominis,

130 1167 153 1206 ι
195 1163 272 1208 te
305 1167 461 1225 ego
509 1154 584 1210 ad
612 1154 839 1211 domum
864 1154 1101 1222 israelis,
1150 1160 1541 1215 exacerbantes
1588 1175 1697 1226 me,

129 1245 649 1301 exacerbarunt
677 1261 788 1311 me.
822 1246 927 1317 ipsi
962 1257 1018 1303 et
1045 1256 1225 1319 patres
1252 1265 1445 1306 eorum
1473 1254 1543 1322 Jt(
1570 1267 1700 1323 per-

137 1337 560 1408 egeruntiu
595 1351 685 1394 me
738 1339 762 1409 ξ
803 1354 981 1411 usque
1022 1340 1090 1396 ad
1151 1340 1297 1398 diem
1348 1343 1695 1403 hodiernum.

129 1432 184 1498 t<
244 1426 341 1483 Et
404 1429 529 1486 filii
578 1431 705 1486 duri
755 1428 918 1498 facie,
961 1443 1017 1488 et
1066 1434 1189 1489 duri
1240 1437 1445 1493 corde:
1478 1453 1584 1509 ego
1618 1440 1696 1512 (p)

130 1533 186 1572 o
228 1527 302 1574 te
346 1519 441 1575 ad
503 1535 605 1577 eos
634 1520 681 1591 ζ.
726 1520 792 1578 Et
819 1520 972 1578 dices
1000 1523 1070 1579 ad
1101 1539 1232 1581 eos:
1273 1525 1396 1583 llaec
1427 1527 1562 1585 dicit
1589 1527 1698 1586 Do-

129 1627 267 1669 lus.
320 1612 397 1670 5.
436 1613 525 1685 (q)
563 1611 620 1668 Si
653 1613 794 1670 sorte
830 1615 1078 1684 audiant,
1126 1625 1222 1673 ant
1268 1630 1520 1690 paveant,
1568 1623 1696 1694 qnia

129 1719 259 1761 nus
302 1706 579 1764 irritans
608 1715 712 1774 est,
739 1716 794 1763 et
820 1707 1015 1775 scient,
1046 1709 1192 1778 quod
1237 1712 1502 1784 propbeta
1544 1729 1604 1771 es
1637 1725 1694 1771 ιιι

130 1796 366 1852 uie-iio
402 1813 636 1856 eornm.
665 1798 721 1854 6.
748 1798 813 1855 iit
848 1809 926 1867 tn,
970 1800 1046 1855 illi
1094 1799 1355 1873 bominis,
1389 1821 1456 1861 ne
1499 1806 1696 1864 timeas

142 1929 163 1955 .
200 1899 273 1946 et
309 1907 349 1946 a
390 1889 549 1948 facie
573 1905 765 1949 eorum
797 1909 865 1949 ne
894 1894 1253 1966 obstupescas
1283 1914 1298 1965 ;
1340 1895 1411 1968 (r)
1444 1899 1574 1970 quia
1607 1915 1701 1957 ve-

130 1993 223 2039 nt
280 1982 356 2038 in
407 1984 627 2054 impetu
659 2000 786 2041 cum
825 1986 1076 2054 insania,
1111 2001 1165 2045 et
1212 1990 1496 2063 insurgent
1537 2008 1704 2064 super

130 2075 584 2141 circumcirca,
623 2085 680 2132 et
701 2077 756 2133 in
779 2077 963 2133 medio
991 2080 1345 2150 scorpionum
1366 2091 1423 2137 tu
1449 2083 1700 2142 habitas:

134 2165 243 2218 Ὅτι
285 2177 512 2219 eorum
550 2179 619 2221 ue
653 2164 879 2231 timeas,
913 2173 968 2221 et
1000 2181 1031 2220 a
1084 2166 1223 2223 facie
1257 2182 1447 2224 eorum
1494 2185 1563 2227 ne
1602 2172 1702 2227 ob-
1745 2235 1751 2242 ‚

137 2271 400 2328 tpcscas
426 2272 444 2321 ς
474 2256 609 2327 quia
633 2256 830 2313 domus
860 2257 1085 2314 irritans
1130 2267 1233 2315 est.
1265 2259 1317 2314 7.
1350 2260 1417 2317 Ει
1462 2262 1704 2334 loqueris

130 2348 253 2402 rba
294 2361 439 2402 mea
468 2345 539 2402 ad
571 2360 688 2411 eos,
720 2346 767 2403 si
792 2346 933 2403 sorte
970 2349 1220 2415 audiant,
1268 2359 1363 2406 aut
1393 2353 1701 2424 trepideut;

130 2440 207 2495 ³ia
241 2437 471 2494 domus
504 2437 729 2495 irritans
750 2448 856 2496 est.
879 2439 936 2496 8.
973 2439 1043 2497 Et
1070 2451 1150 2507 ιιι,
1176 2442 1249 2498 tili
1283 2443 1545 2512 hominis,
1572 2446 1703 2503 audi

142 2535 429 2601 mentem
462 2528 533 2583 ad
567 2535 655 2584 te:
688 2543 759 2584 ne
792 2529 871 2585 sis
895 2530 1137 2599 irritans,
1178 2532 1321 2589 sient
1347 2533 1547 2591 domus
1577 2535 1706 2591 irri-

140 2635 208 2676 ,ιιι
236 2638 255 2676 x
294 2620 461 2690 aperi
505 2634 571 2677 os
604 2629 782 2686 tuum.
812 2631 868 2677 et
894 2623 1122 2680 comede
1164 2626 1308 2695 quod
1347 2641 1449 2698 ego
1475 2627 1547 2684 do
1579 2626 1700 2685 tibi.

130 2731 133 2758 τ
174 2711 255 2769 Et
286 2711 436 2780 vitii,
461 2721 516 2768 et
537 2725 668 2768 ecce
696 2727 894 2769 manus
915 2721 1143 2772 extensa
1164 2717 1231 2773 ad
1250 2732 1359 2781 me,
1382 2726 1437 2774 et
1456 2719 1511 2774 in
1537 2733 1601 2776 ea
1630 2719 1700 2794 (s)

130 2804 420 2877 =pituium
460 2805 610 2863 libri.
640 2804 731 2860 10.
773 2804 842 2862 Ει
865 2805 1129 2878 expandit
1186 2809 1317 2866 illud
1352 2825 1538 2867 coram
1573 2828 1700 2869 me:

130 2921 131 2928 ι
178 2897 242 2952 in
276 2911 350 2954 eo
374 2898 587 2967 scripta
609 2905 768 2953 erant
792 2913 823 2953 a
850 2897 1030 2956 fronte
1048 2899 1170 2971 eius
1195 2908 1249 2957 et
1285 2918 1315 2957 a
1346 2910 1502 2975 tergo
1538 2905 1700 2977 ejus:

130 3007 151 3042 r.
184 2989 470 3061 scriptum
504 2998 625 3046 erat
657 2991 712 3046 in
742 3004 811 3045 eo
833 2990 1173 3059 lamentatio,
1201 3001 1257 3049 et
1297 2993 1365 3067 (t)
1398 2997 1700 3065 canticum,

130 3105 156 3134 ι.
190 3093 303 3134 Vae·

132 3201 139 3228 ·.
180 3172 328 3242 Cap.
350 3170 447 3234 111,
480 3172 530 3226 1.
553 3171 614 3228 Et
639 3173 777 3229 dixit
796 3175 863 3230 ad
883 3188 1008 3231 me:
1033 3175 1137 3231 Fili
1161 3176 1423 3245 bominis,
1448 3183 1516 3250 3(
1538 3182 1710 3251 quod·

132 3277 363 3335 „umque
390 3264 688 3333 inveneris,
714 3265 816 3321 ede
844 3267 892 3335 ζ.
918 3266 1146 3322 comede
1180 3268 1479 3339 capitulum
1504 3270 1628 3336 boc,
1657 3283 1710 3328 et

132 3357 290 3421 rade.
327 3365 383 3413 et
418 3358 644 3428 loquere
676 3359 744 3414 ad
784 3359 924 3415 lilios
969 3360 1205 3416 israelis.
1244 3360 1303 3414 2.
1344 3358 1407 3415 Et
1437 3362 1615 3433 aperit
1647 3379 1710 3420 os

142 3461 341 3509 neum,
377 3456 432 3503 et
452 3448 616 3503 edere
644 3447 774 3503 lecit
802 3464 889 3504 me
911 3449 1210 3523 capitulum
1244 3452 1368 3509 ltoc.
1389 3453 1444 3508 5.
1476 3453 1543 3510 Et
1571 3455 1712 3513 dixit

132 3535 199 3598 nd
236 3551 363 3591 rue:
393 3536 494 3592 Fili
525 3538 788 3602 bominis,
819 3555 882 3597 os
912 3552 1066 3598 tuum
1098 3543 1243 3611 edet,
1268 3556 1322 3601 et
1353 3556 1545 3604 venter
1575 3558 1704 3607 tuns

132 3627 454 3698 ‚inplebitur
478 3629 718 3700 capitulo
747 3631 851 3689 boc
884 3633 1011 3690 dato
1054 3636 1109 3691 in
1143 3646 1214 3693 te.
1245 3638 1311 3694 Et
1334 3639 1423 3696 edi
1465 3640 1621 3709 illud,
1652 3650 1710 3699 et

132 3717 345 3780 sactum
376 3733 457 3778 est
477 3723 530 3779 in
571 3738 667 3778 ore
697 3738 838 3791 meo,
872 3726 1017 3782 sicut
1041 3728 1146 3783 mel
1175 3729 1355 3787 dulce.
1397 3732 1452 3787 4.
1478 3732 1545 3790 Et
1571 3734 1710 3792 dixit

132 3811 208 3876 ..td
256 3827 383 3869 me:
416 3811 512 3869 Fili
551 3814 813 3881 bominis,
849 3817 1005 3884 vade,
1040 3818 1326 3891 ingredere
1364 3825 1431 3880 ad
1480 3822 1706 3881 domum

146 3905 380 3974 israelis,
412 3916 464 3962 et
490 3906 713 3980 loquere
736 3908 904 3964 verba
932 3924 1050 3966 mea
1087 3912 1155 3967 ad
1191 3926 1308 3970 cos.
1341 3914 1396 3970 5.
1436 3914 1706 3983 Quoniam

134 4015 259 4062 ¹non
282 3999 344 4054 ad
368 4000 616 4072 populum
650 4000 984 4072 profundum
1015 4002 1162 4060 labio
1185 4016 1240 4062 et
1274 4023 1494 4078 gravem
1517 4011 1704 4082 lingua

146 4101 210 4152 ,ιιι
234 4091 451 4148 mitteris
470 4091 533 4147 ad
563 4092 789 4149 domum
814 4092 1034 4149 israelis
1058 4112 1072 4148 ε
1102 4094 1158 4150 6.
1184 4110 1363 4168 neque
1386 4099 1452 4154 ad
1477 4102 1711 4171 populos

134 4181 354 4250 multos
380 4183 575 4239 alienos
611 4183 865 4250 vocibus,
906 4194 1002 4238 ant
1027 4182 1241 4241 alienos
1277 4185 1487 4257 lingna,
1533 4205 1711 4263 neque

134 4274 255 4360 gqni
282 4282 397 4330 sunt
429 4275 688 4331 obfirmati
721 4274 931 4345 lingua,
966 4288 1206 4346 quornm
1238 4291 1308 4333 ne
1353 4277 1548 4336 audias
1587 4296 1708 4339 ser-

133 4405 137 4444 ÷
170 4383 347 4425 mones
370 4381 579 4423 eorum:
612 4378 667 4425 et
697 4369 743 4425 si
770 4368 837 4424 ad
881 4367 1020 4423 tales
1062 4368 1334 4427 mitterem
1366 4378 1441 4439 te,
1481 4372 1537 4428 bi
1580 4373 1710 4429 obe·

1803 515 1862 572 in
1895 517 2266 588 captivitatem
2300 519 2368 574 ad
2417 518 2560 576 tilios
2592 520 2777 591 populi
2810 521 2908 588 tui.
2949 530 3003 578 et
3034 522 3279 592 loqueris
3310 524 3377 579 ad

1800 620 1920 672 cos,
1948 615 2010 663 et
2025 606 2178 665 dices
2205 608 2273 665 ad
2299 622 2436 665 eos:
2462 608 2589 665 ilaec
2619 608 2752 665 dicit
2780 609 3042 666 Dominus
3075 611 3377 666 Dominus:

1801 700 1850 755 si
1876 699 2022 757 forte
2043 700 2293 768 audiant,
2335 700 2383 758 si
2412 701 2554 758 torte
2590 703 2914 759 coneedant.
2946 703 3034 759 12.
3063 701 3381 761 Ebusum—

1801 788 1875 846 sit
1898 804 1985 846 me
2015 791 2265 862 spiritus,v
2300 801 2357 848 et
2385 792 2568 848 audivi
2600 808 2631 849 a
2664 801 2816 864 tergo
2845 807 2966 850 meo
3006 809 3194 850 vocem
3229 808 3390 849 cont--

1802 882 2063 938 motionis
2093 898 2324 954 magnae,
2357 884 2660 941 dicentium
2694 903 2709 941 ι
2737 884 3027 942 Benedicta
3067 884 3241 957 gloria
3273 885 3380 941 Do-

1800 973 1934 1028 mini
1976 972 2048 1029 de
2094 972 2215 1030 loco
2246 989 2370 1031 suo.
2412 976 2502 1032 ¹5.
2552 976 2620 1031 Et
2654 976 2766 1031 vidi
2807 975 2887 1050 (x)
2932 991 3121 1033 vocem
3168 976 3378 1032 alarum

1800 1066 2125 1122 animalium
2150 1069 2452 1124 volantium
2476 1086 2585 1125 una
2615 1071 2683 1126 ad
2725 1071 2974 1137 alteram,
3024 1078 3079 1125 et
3107 1085 3208 1125 vox
3234 1076 3381 1124 rota-

1799 1174 1922 1214 rum
1947 1173 2133 1215 coram
2165 1159 2268 1226 eis,
2320 1170 2375 1217 et
2404 1176 2505 1217 vox
2532 1163 2918 1218 commotionis
2969 1165 3036 1230 30(
3072 1176 3287 1232 magnae
3327 1161 3384 1231 ζ.

1802 1250 1891 1305 tt.
1925 1250 1991 1305 Et
2024 1250 2253 1320 spiritus
2273 1251 2507 1307 elevavit
2546 1266 2663 1319 me,
2695 1260 2752 1307 et
2781 1251 3006 1322 sustulit
3036 1267 3143 1319 ine,
3185 1260 3238 1306 et
3270 1249 3379 1305 abii

1800 1341 2055 1398 sublimis
2089 1356 2215 1397 aere
2241 1343 2296 1397 in
2327 1342 2531 1412 impetn
2560 1343 2790 1414 spiritus
2819 1343 2949 1409 mei,
2992 1342 3071 1413 (y)
3097 1351 3151 1397 et
3183 1357 3377 1397 manus

1799 1431 2015 1488 Domini
2049 1432 2192 1489 sacta
2223 1443 2308 1489 est
2333 1448 2498 1503 snper
2527 1449 2613 1488 me
2634 1442 2848 1504 potens.
2884 1434 2973 1488 ¹5.
3000 1435 3066 1489 Et
3101 1435 3382 1505 ingressus

1804 1539 1928 1580 snm
1961 1525 2016 1579 in
2049 1524 2423 1595 captivitatem
2453 1523 2707 1580 sublimis
2738 1540 2886 1592 aere,
2913 1534 2968 1580 et
3011 1524 3239 1580 circuivi
3278 1524 3381 1579 ba-

1798 1615 2042 1672 bitantes
2076 1632 2242 1687 snper
2272 1616 2497 1671 fluvium
2529 1615 2769 1683 chobar,
2803 1631 2899 1673 eos
2935 1615 3027 1686 qni
3055 1623 3214 1670 erant
3264 1613 3377 1669 ibi:

1801 1712 1857 1760 et
1890 1703 2010 1760 sedi
2047 1704 2120 1760 ibi
2161 1712 2368 1776 septem
2407 1705 2545 1773 dies,
2581 1704 2655 1776 (z)
2707 1720 3040 1761 conversans
3086 1704 3141 1759 in
3199 1702 3380 1759 medio

1802 1810 2020 1852 eornm.
2052 1796 2137 1852 16.
2182 1799 2248 1853 Et
2281 1796 2482 1853 lactum
2507 1806 2591 1854 est
2617 1806 2739 1868 post
2774 1798 2876 1853 bos
2912 1805 3119 1867 septem
3160 1793 3280 1850 dies
3313 1796 3383 1862 34(

1802 1895 1860 1942 et
1885 1887 2095 1942 factum
2119 1895 2205 1943 est
2235 1888 2259 1960 ζ
2296 1888 2522 1943 verbum
2564 1887 2779 1943 Domini
2805 1887 2870 1942 ad
2902 1903 3010 1955 me,
3035 1887 3225 1944 dicens
3249 1903 3267 1941 z
3291 1885 3382 1940 17.

1806 1975 1911 2030 Fili
1938 1976 2200 2043 bominis,
2232 1977 2632 2046 speculatorem
2664 1977 2787 2033 dedi
2818 1985 2870 2032 te
2900 1976 3091 2032 domni
3142 1976 3381 2041 israelis,

1803 2075 1858 2122 et
1887 2067 2080 2123 audies
2105 2081 2173 2123 ex
2203 2082 2297 2123 ore
2329 2082 2454 2123 meo
2486 2068 2735 2135 verbum,
2769 2067 2846 2139 (α)
2875 2075 2930 2124 et
2956 2067 3385 2124 comminaberis
3423 2116 3427 2119 Α

1804 2156 1887 2214 eis
1923 2172 1954 2211 a
1983 2172 2090 2225 me,
2113 2159 2200 2213 18.
2224 2173 2350 2212 cum
2384 2157 2576 2212 dixero
2608 2157 2840 2228 iniquo:
2879 2155 3052 2214 Morte
3087 2157 3379 2213 morieris:

1805 2260 1862 2307 et
1903 2240 2010 2305 tion
2038 2249 2362 2318 distinxisti,
2402 2264 2579 2320 neque
2609 2250 2827 2307 locutus
2856 2266 2918 2307 es
2946 2251 3013 2307 ad
3044 2249 3387 2321 distinguens

1804 2345 1937 2400 dum
1972 2343 2191 2414 iniquo,
2228 2351 2289 2397 ιιι
2335 2352 2639 2399 revertatur
2689 2359 2720 2398 a
2770 2344 2872 2400 viis
2901 2343 3040 2407 suis,
3095 2352 3154 2399 ut
3199 2342 3382 2398 vivam

1806 2434 2032 2506 iniquus
2064 2433 2157 2490 ille
2203 2434 2277 2506 (b)
2301 2434 2356 2489 in
2398 2433 2664 2503 iniustitia
2698 2448 2802 2490 sua
2828 2434 3123 2495 morietur.
3171 2440 3228 2489 et
3259 2447 3402 2488 san--

1806 2526 2030 2597 guinem
2066 2526 2190 2596 ejus
2217 2525 2286 2581 de
2318 2541 2485 2581 mann
2520 2536 2614 2582 tua
2640 2526 2940 2598 requiram.
2986 2524 3074 2581 19.
3120 2523 3186 2578 Et
3225 2533 3306 2592 ιιι,
3336 2525 3405 2580 si.

1806 2617 2131 2675 distinxeris
2156 2618 2369 2690 iniquo,
2398 2633 2500 2675 uec
2525 2633 2784 2676 reversus
2806 2617 2972 2675 fuerit
2999 2620 3068 2674 ab
3097 2618 3398 2689 iniquitate

1804 2726 1929 2777 sua,
1967 2718 2024 2768 et
2055 2727 2087 2767 a
2112 2712 2203 2768 via
2230 2726 2353 2781 sua,
2384 2713 2609 2784 iniquus
2631 2713 2721 2770 iile
2751 2714 2805 2770 iu
2844 2713 3112 2785 injustitia
3142 2727 3240 2770 sua
3268 2727 3386 2767 mo-

1804 2803 2001 2871 rietur,
2025 2811 2081 2859 et
2111 2810 2171 2859 tu
2201 2804 2444 2862 animam
2472 2813 2620 2861 tuam
2649 2805 2930 2862 liberabis.
2959 2805 3053 2861 20.
3081 2805 3145 2861 iit
3173 2819 3298 2861 cum
3327 2819 3388 2860 se

1803 2895 2069 2951 averterit
2096 2895 2282 2968 justus
2321 2911 2352 2953 a
2377 2897 2613 2969 justitiis
2641 2898 2779 2965 suis,
2802 2906 2857 2954 et
2875 2897 3067 2955 iecerit
3098 2897 3386 2964 delictum,

1807 2988 1975 3044 etiam
2000 2987 2144 3045 dabo
2176 2998 2446 3046 tormenta
2469 2990 2524 3045 in
2559 2989 2753 3047 faciem
2783 2991 2933 3063 ejus:
2956 2990 3075 3061 ipse
3101 2990 3384 3054 morietur.

1731 3108 1777 3168 c
1809 3082 1938 3152 quia
1970 3097 2082 3137 uon
2116 3081 2420 3140 distinxisti
2452 3082 2504 3139 ei
2531 3102 2544 3139 :
2586 3094 2642 3142 et
2690 3084 2745 3140 in
2775 3083 3018 3157 peccatis
3044 3083 3162 3140 suis
3188 3082 3388 3138 morie·

1812 3182 1920 3240 tur,
1960 3174 2091 3245 qnia
2143 3190 2252 3231 non
2292 3176 2873 3233 commemorabuntur
2903 3177 2955 3233 ei
2978 3176 3208 3247 justitiae
3246 3174 3387 3244 elus,

1810 3279 1951 3335 quas
1985 3265 2136 3333 lecit,
2177 3275 2234 3322 et
2265 3268 2591 3338 sanguinem
2622 3268 2744 3337 ejus
2794 3267 2863 3323 de
2896 3282 3059 3322 ιιιιιιιιι
3086 3275 3178 3322 tna
3199 3266 3389 3336 requi-

1812 3368 1954 3409 ram.
1979 3355 2075 3412 21.
2112 3357 2186 3427 (c)
2218 3354 2300 3413 Τιι
2329 3366 2511 3414 autem
2547 3358 2595 3412 si
2638 3358 2961 3434 distinxeris
2987 3359 3164 3429 iusto,
3214 3368 3275 3412 ut
3322 3371 3391 3411 ne

1811 3457 2022 3519 peccet,
2051 3457 2107 3504 et
2158 3449 2275 3521 ipse
2303 3464 2412 3506 non
2457 3451 2786 3521 peccaverit,
2836 3451 3018 3522 justus
3067 3451 3190 3505 vita·
3223 3450 3407 3514 vivet„

1810 3543 1940 3613 qnia
1974 3542 2272 3599 distinxisti
2316 3543 2389 3609 ei,
2437 3551 2494 3599 et
2537 3552 2592 3598 tu
2622 3544 2863 3598 animam
2910 3554 3059 3599 tuam
3108 3540 3388 3596 liberabis.

1807 3635 1901 3690 22.
1935 3635 2004 3689 Et
2029 3633 2174 3690 sacta
2204 3642 2291 3691 est
2322 3649 2486 3705 super
2531 3650 2617 3691 me
2648 3638 2718 3706 Ji(
2744 3636 2817 3691 ibi
2847 3635 2870 3706 ζ
2921 3648 3121 3690 manus
3151 3631 3406 3697 Domini‚.

1808 3737 1865 3783 et
1887 3727 2027 3783 dixit
2052 3727 2120 3783 ad
2164 3743 2291 3788 me:
2329 3727 2525 3802 Surge,
2562 3738 2618 3784 et
2654 3730 2919 3802 egredere
2946 3729 3000 3785 in
3030 3742 3304 3798 campum,
3337 3732 3398 3780 et

1810 3820 1884 3876 ibi
1923 3820 2189 3878 allocutio
2218 3820 2307 3879 liet
2336 3821 2414 3878 ad·
2439 3830 2510 3877 te.
2546 3821 2636 3876 25.
2678 3820 3012 3887 insurrexi,
3052 3819 3112 3875 et
3137 3831 3392 3890 egressus

1809 3930 1931 3971 sum
1963 3915 2021 3969 in
2051 3930 2306 3986 campum
2334 3934 2348 3970 ε
2373 3927 2430 3971 et
2455 3931 2582 3971 ecce
2611 3913 2682 3969 ibi
2716 3914 2885 3985 gloria
2927 3911 3145 3967 Domini
3190 3910 3390 3974 stabat,

1810 4007 1956 4063 sicut
1987 4021 2053 4063 ψ
2094 4008 2406 4077 adspectus,
2458 4017 2514 4060 et
2555 4004 2704 4060 sicut
2756 4005 2779 4072 ζ
2835 4003 3028 4074 gloria,
3061 4015 3229 4072 qrtam
3282 4000 3392 4054 vidi

1812 4111 1977 4164 super
1998 4096 2222 4151 fluvium
2257 4095 2499 4151 chobar.
2519 4092 2587 4149 Et
2615 4094 2752 4149 cado
2774 4108 2937 4164 super
2958 4093 3155 4148 faciem
3190 4106 3390 4156 meam,

1810 4187 1903 4240 2⁴.
1937 4195 1992 4241 et
2018 4187 2167 4242 venit
2196 4202 2361 4258 super
2401 4201 2489 4242 me
2516 4185 2765 4257 spiritus,
2794 4194 2850 4243 et
2874 4185 3068 4242 statuit
3101 4200 3190 4241 me
3229 4198 3394 4255 snper

1814 4275 1981 4348 pedes
2012 4290 2188 4343 meos,
2220 4286 2275 4332 et
2313 4278 2533 4333 locutus
2561 4284 2648 4332 est
2693 4277 2760 4332 ad
2795 4290 2904 4340 me.
2938 4285 2997 4332 et
3031 4274 3170 4331 dixit
3212 4275 3346 4331 mibi
3376 4293 3390 4329 ε

1820 4366 2135 4439 Ingredere,
2158 4379 2213 4423 et
2232 4367 2515 4424 includere
2544 4368 2597 4424 in
2630 4369 2811 4424 medio
2842 4369 3041 4424 domus
3061 4367 3297 4424 tnae.25.
3328 4367 3395 4422 Et

134 4459 339 4532 fdirent
379 4459 483 4517 tibi.
521 4460 576 4517 7.
627 4459 835 4519 Domus
884 4473 1069 4520 autem
1110 4461 1329 4521 Israelis
1358 4473 1488 4520 ‘non
1528 4465 1710 4522 volent
1742 4442 1787 4498 ⁰
1818 4468 1898 4525 tu,
1932 4457 2007 4513 fili
2057 4459 2320 4527 huminis,
2357 4475 2485 4517 ecce
2513 4460 2639 4516 data
2683 4470 2813 4517 sunt
2850 4476 3020 4533 super
3053 4469 3106 4517 te
3149 4459 3392 4526 vincula,

134 4591 145 4624 ,
178 4553 411 4611 exaudire
447 4561 513 4620 te,
543 4555 671 4626 quia
712 4571 822 4613 non
860 4559 1053 4614 volunt
1097 4558 1359 4615 exaudire
1405 4574 1528 4627 nte;
1582 4558 1712 4630 quia

139 4689 143 4706 .
185 4647 349 4704 omnis
369 4647 541 4706 domus
584 4647 803 4706 israelis
855 4649 1080 4722 litigiosi
1107 4662 1257 4715 sunt.
1285 4660 1343 4707 et
1374 4651 1496 4710 duri
1524 4652 1712 4710 corde.

136 4775 143 4808 ,
188 4737 240 4797 8.
265 4739 321 4797 Et
351 4755 462 4798 eece
485 4741 603 4797 dedi
630 4740 825 4797 faciem
853 4750 999 4798 tuam
1022 4753 1298 4813 potentem
1332 4754 1523 4801 contra
1547 4743 1716 4801 iacies

136 4867 141 4894 3
191 4842 374 4897 eorum,
400 4838 448 4886 et
463 4830 858 4887 contentionem
885 4839 1035 4888 tuam
1058 4834 1432 4890 corroborabo
1453 4835 1717 4892 adversus

135 4953 143 4990 ,
197 4921 543 4978 contentionem
591 4937 807 4991 eorum,
845 4924 903 4981 9.
929 4924 1134 4992 eterit,
1174 4940 1390 4997 semper
1429 4926 1709 4984 duriorem

136 5047 139 5076 t
202 5017 329 5081 petra
352 5013 410 5079 >ot
431 5013 534 5069 dedi
568 5015 652 5085 (ιι)
692 5013 924 5071 frontem
961 4999 1112 5071 tuam
1147 5014 1170 5083 ζ
1204 5033 1219 5071 :
1252 5030 1322 5070 ne
1366 5018 1561 5074 timeas
1591 5033 1711 5085 eos,

136 5155 137 5158 ,
207 5115 358 5173 neque
381 5118 546 5174 paveas
586 5121 617 5161 a
645 5106 787 5162 facie
818 5123 1030 5172 eorum,
1076 5108 1205 5180 quia
1244 5109 1443 5166 domus
1490 5111 1715 5170 irritans

136 5219 140 5264 1,
210 5203 297 5252 est.
324 5195 396 5250 to.
422 5196 471 5256 Et
501 5197 631 5254 dixit
655 5199 721 5255 ad
756 5214 882 5256 me:
915 5198 1018 5254 Fili
1064 5200 1325 5268 bominis,
1356 5215 1550 5260 omnes
1596 5219 1714 5260 ser-

136 5321 141 5358 5
215 5300 528 5361 monenths
566 5289 781 5348 locutus
826 5305 949 5347 sum
987 5298 1199 5358 tecum,
1246 5308 1469 5351 assume
1503 5295 1557 5351 in
1610 5310 1711 5352 cor

1810 4561 1867 4608 et
1900 4550 2143 4608 vincient
2190 4563 2242 4608 te
2288 4553 2341 4609 in
2376 4554 2472 4620 eis,
2523 4563 2576 4610 et
2608 4569 2713 4609 non
2761 4554 3061 4627 egredieris
3101 4554 3170 4611 de
3215 4554 3396 4609 medio

1812 4660 2027 4702 eorum.
2061 4645 2154 4702 26.
2188 4646 2255 4704 Et
2298 4647 2731 4719 linguam-tuam
2778 4649 2944 4705 simul
2994 4648 3177 4720 ligabo
3216 4650 3284 4715 )t(
3324 4646 3394 4700 ad

1814 4747 2003 4808 guttur
2058 4747 2214 4794 tuum
2246 4740 2299 4809 ζ,
2343 4751 2398 4796 et
2429 4741 2796 4809 obmutesces,
2832 4749 2886 4797 et
2920 4756 3029 4797 non
3062 4741 3172 4797 eris
3211 4740 3293 4795 eis
3334 4738 3410 4794 in.

1816 4829 1999 4883 virum
2032 4827 2418 4902 obiurgantem
2447 4848 2464 4898 ς
2493 4830 2623 4902 quia
2646 4829 2846 4887 domus
2893 4829 3119 4885 irritans
3149 4836 3255 4884 est.
3298 4826 3393 4881 27.

1819 4920 2041 4979 Etcum
2069 4922 2288 4978 locutns
2322 4921 2479 4979 luero
2513 4923 2580 4980 ad
2619 4932 2691 4989 te,
2735 4922 2975 4994 aperiam
3013 4935 3077 4976 os
3125 4929 3306 4986 tuum,
3340 4927 3395 4970 nt

1818 5017 1971 5074 dices
1999 5015 2066 5072 ad
2095 5029 2228 5071 eos:
2275 5013 2399 5070 iiaec
2426 5015 2558 5072 dicit
2595 5013 2677 5085 (d)
2703 5015 2916 5070 Adonai
2944 5012 3242 5069 Dominus:
3289 5009 3396 5078 Qui

1818 5110 1990 5177 audit,
2053 5108 2261 5173 audiat,
2309 5116 2366 5163 et
2415 5107 2510 5178 qui
2557 5107 2775 5165 rebellis
2809 5115 2915 5175 est,
2966 5103 3406 5174 rebellet-„quia

1818 5203 2017 5259 domus
2044 5200 2267 5256 irritans
2289 5208 2397 5255 est.

1889 5297 2027 5366 Cap.
2064 5293 2152 5350 iv.
2183 5295 2318 5349 —l.
2352 5293 2417 5348 Et
2451 5301 2529 5360 ιιι,
2559 5291 2637 5349 nti
2674 5291 2949 5358 Ιιοιιιίιιὶε,
2995 5304 3150 5347 sume
3189 5289 3282 5346 tibi
3318 5289 3396 5343 ia-

281 5467 477 5551 (s)qno‹l
503 5469 688 5552 loquar
711 5468 780 5524 nd
815 5476 894 5553 te.
944 5468 1012 5526 Et
1053 5469 1334 5543 ingressus
1370 5480 1467 5555 ‚est
1520 5472 1576 5529 in
1631 5472 1870 5555 medinm
1922 5473 2029 5528 mei
2072 5472 2320 5552 spiritns.
2398 5471 2472 5541 tp)
2509 5468 2798 5523 Dominus.
2852 5469 2927 5558 (q)
2962 5470 3007 5524 si
3038 5470 3395 5552 qitemadtno-

218 5542 331 5598 tltnn
356 5541 634 5600 audiverint.
669 5541 1062 5611 acquieverint.
1144 5542 1217 5613 (r)
1251 5540 1334 5609 8.,
1368 5546 1713 5614 impudentes
1755 5558 1900 5598 enim
1936 5551 2087 5604 snnt.
2127 5551 2180 5596 et
2225 5557 2344 5597 stne
2384 5557 2481 5610 spe
2515 5540 2584 5594 ad
2635 5550 2707 5593 te.
2780 5541 2851 5608 (s)
2879 5542 2964 5606 8.,
2989 5549 3277 5610 scriptoria
3314 5549 3397 5594 ta-

222 5611 328 5670 bula
356 5611 557 5666 rotunda.
587 5609 652 5681 (t)
675 5609 772 5692 ⁵8„
838 5611 1071 5668 lanctns.
1100 5615 1179 5681 (ιι)
1209 5613 1639 5669 contentionem.
1681 5617 1762 5684 (s)
1793 5613 1877 5678 8.,
1956 5612 2284 5667 alsationent
2313 5611 2477 5666 simul
2525 5609 2587 5679 (i.
2622 5623 2673 5663 e.
2700 5609 3129 5678 sontplosionem)
3156 5611 3391 5666 alarum.

226 5683 294 5754 (9)
319 5680 383 5746 S..
409 5697 569 5737 manns
601 5696 748 5736 enim
834 5682 1001 5738 omini
1027 5690 1145 5738 erat
1180 5697 1345 5753 super
1371 5699 1477 5739 nte.
1503 5684 1578 5754 (z)
1614 5682 1700 5748 8.,
1742 5682 1865 5744 rte..

1952 5682 2171 5739 abitans
2199 5694 2321 5750 ego.
2368 5683 2460 5750 (a).
2480 5679 2574 5744 8.,
2599 5689 2654 5734 et
2693 5680 2988 5750 praevenies
3028 5681 3275 5737 monebis
3300 5695 3398 5735 cos

230 5771 257 5810 a
280 5769 360 5809 me.
381 5751 438 5824 (b)
465 5753 507 5808 in
535 5751 838 5826 iniquitate.
868 5751 937 5828 (c)
964 5750 1046 5822 8.,
1078 5751 1202 5824 Tu..
1232 5755 1277 5809 si
1307 5766 1436 5810 vcro
1466 5754 1793 5826 praeveneris
1819 5752 2095 5810 monueris
2115 5751 2348 5823 justum,
2382 5762 2438 5809 ut
2459 5768 2527 5807 ιιι·
2549 5758 2752 5822 peccet.
2788 5751 2866 5822 (ά)
2901 5752 3188 5808 Dominus.
