3967 6217
525 311 664 386 soti
899 349 900 352 κ
1580 316 1873 380 aunan.
1911 315 2238 379 inuam
2273 288 2701 378 ramum.
3712 306 3835 371 mii

421 479 431 497 ι
527 422 755 487 acriter
783 420 1113 487 resistente
1139 422 1477 487 Demetrio.
1501 422 1623 486 Sed
1655 440 1737 486 ne
1766 424 1888 487 hoc
1910 423 2168 504 quidem
2205 421 2631 487 necessarium
2659 425 2757 483 est
2782 425 2851 482 ut
2876 406 3197 499 urgeatur.
3228 434 3372 482 ease
3394 433 3583 480 eum
3610 423 3835 498 utpote

527 498 923 564 sacerdotem
969 499 1435 581 quodammodo
1497 502 1921 582 apostolorum
1978 519 2459 565 successorem:
2504 517 2649 564 cum
2692 499 2761 561 in
2801 499 3030 562 eodem
3066 496 3176 560 illo
3220 496 3369 587 loco
3406 505 3837 576 apr-spaza:

526 576 839 641 vocab.ilo
895 580 1193 657 Origenes
1235 587 1444 643 utatur
1473 589 1773 661 tanquam
1815 581 2112 660 opposito
2149 583 2512 646 Judaeorum
2550 592 2624 655 ᾱρ
2664 587 2943 667 ιερσξτείᾳς
2988 594 3107 640 nec
3148 593 3257 655 qui
3304 574 3434 638 hoc
3492 588 3725 662 sensgu
3770 577 3835 635 de

530 663 746 720 nostra
785 667 1138 738 ἅρχῑερατείᾳ
1183 659 1484 739 loquitur,
1519 676 1683 739 opus
1710 665 1807 721 est
1839 664 1910 721 ut
1932 658 2072 738 ipse
2106 675 2364 739 quoque
2400 661 2477 722 sit
2511 676 2616 725 arc
2664 658 3047 735 iepiscopus.
3076 658 3356 742 Apparet
3384 669 3628 732 quam
3672 655 3837 740 intir-

531 752 708 797 mum
735 738 813 798 sit
839 752 909 795 ar
953 744 1276 799 umentum
1304 737 1426 800 boc
1464 736 1857 816 negativum3
1890 736 2153 815 positiva
2189 743 2401 798 autem
2440 735 2805 819 prorsusne
2827 734 3185 822 conjectura
3228 737 3429 812 petita
3468 735 3689 819 sunt,
3722 748 3841 808 qui·

533 813 656 875 bus
684 813 789 876 alii
825 813 892 872 Di
942 830 1091 892 ymo
1116 815 1561 889 Alexandr-inc,
1609 813 1715 877 alii
1758 817 1958 888 Aeti0‚
2013 813 2115 877 alii
2158 817 2221 875 S.
2270 815 2642 898 Hippolyt0‚
2702 811 2808 875 alii
2861 814 2924 873 S.
2972 807 3331 898 Epiphaiiio
3369 809 3837 872 atti-*buerunt

534 899 998 969 Φιλοσοφούμενα,
1029 908 1101 956 ac
1129 893 1222 956 vel
1263 894 1383 974 ipsi
1435 896 1499 955 S.
1543 897 1812 967 Irenaeo,
1848 894 2029 973 cujus
2064 892 2263 954 Patris
2291 894 2356 955 in
2393 895 2625 958 nostris
2665 890 2815 954 satis
2842 890 3100 967 longum
3131 885 3359 967 legitur
3392 893 3838 974 excerptum.

533 970 695 1042 Quas
725 970 1115 1047 conjecturas
1143 989 1310 1034 nunc
1340 972 1391 1033 si
1421 979 1713 1036 excutere
1733 971 2243 1049 aggrederemur,
2277 970 2544 1035 lectores
2564 969 2750 1034 nobis
2770 976 2951 1047 ’Υδωρ
2971 975 3051 1038 εἰς
3076 973 3381 1032 θάλασσαν,
3402 977 3837 1051 (temnerent.

600 1048 736 1109 Jam
758 1064 948 1127 supra
965 1049 1531 1113 demonstravimus
1546 1050 1739 1112 libros
1759 1055 2003 1138 septem
2023 1065 2185 1128 quos
2202 1048 2582 1123 lucidamus,
2599 1042 3150 1133 postintervallum
3164 1039 3587 1106 continuare
3614 1039 3836 1102 libi-un

530 1133 1032 1204 Φιλοσοφουμένων.
1048 1130 1156 1208 qui
1177 1128 1395 1190 titulus
1409 1129 1475 1190 in
1498 1128 1702 1208 quarti
1721 1127 1863 1189 libri
1882 1127 2113 1188 fine-est
2130 1127 2455 1208 repetitus.
2476 1130 2606 1190 Hac
2624 1144 2691 1189 re
2710 1123 3061 1213 explanata,
3088 1139 3144 1184 si
3166 1121 3233 1184 in
3249 1137 3705 1210 quacunque
3718 1137 3839 1180 m

532 1203 700 1264 tinui‘
719 1220 757 1266 o
809 1205 931 1266 eris
956 1215 1129 1284 parte
1147 1222 1562 1285 agnoscamus
1577 1222 1792 1268 verum
1814 1210 1875 1266 et
1894 1206 2239 1280 genuinum
2259 1205 2615 1285 origenem,
2637 1205 2716 1268 ab
2736 1203 2879 1284 ipso
2900 1202 3169 1281 scriptos
3192 1213 3333 1261 esse
3358 1199 3636 1261 decem
3660 1197 3835 1260 lthm‘
3890 1203 3899 1228 ¹

532 1289 703 1344 certe
746 1221 1240 1347 Xemonstratum
1273 1285 1411 1346 erit.
1447 1285 1665 1347 Statim
1721 1299 1859 1345 sese
1880 1283 2066 1344 offert
2092 1284 2155 1344 S.
2186 1283 2422 1347 callixti
2496 1283 2632 1346 rimi
2662 1279 3053 1360 martyrium,
3087 1276 3259 1358 quod
3290 1275 3471 1339 libi-o
3504 1293 3611 1366 ιι.
3632 1285 3839 1338 auctir

531 1367 745 1422 narrat
768 1366 840 1422 ut
862 1361 1035 1422 brevi
1062 1370 1350 1442 tempore
1381 1368 1884 1426 consummatum
1913 1366 2245 1441 postquam
2271 1362 2408 1437 ipse
2439 1303 2657 1425 goma!
2684 1359 2919 1440 egerit:
2955 1363 3196 1421 constat
3219 1362 3441 1418 autem
3476 1356 3833 1433 origenem

505 1437 601 1498 ,in
621 1455 694 1500 ea
724 1438 880 1501 urbe
899 1455 1101 1503 annos
1118 1440 1359 1520 aliquot
1377 1447 1832 1504 commoratum
1855 1455 1993 1501 esse
2010 1440 2307 1579 pontifice
2328 1441 2601 1503 maximo
2625 1443 2703 1501 Ze
2753 1435 2795 1500 h
2841 1438 2984 1500 rino
3006 1435 3204 1516 (ciijus
3229 1434 3325 1498 fre
3377 1449 3580 1497 ueris
3606 1438 3835 1496 mentio

531 1514 602 1578 in
618 1515 726 1579 illa
758 1517 1171 1598 narratione),
1205 1535 1393 1598 quem
1414 1519 1707 1582 callixtus
1733 1519 1801 1580 in
1877 1518 2009 1579 onti
2058 1517 2157 1580 cio
2198 1533 2463 1588 munere
2504 1535 2673 1582 anno
2750 1521 2775 1578 t
2850 1515 3125 1594 excepit.
3162 1514 3299 1576 Hoc
3388 1512 3681 1592 rigenis
3712 1512 3832 1576 loca

531 1608 707 1656 nunc
735 1591 981 1673 prolato
1013 1596 1198 1658 simul
1230 1598 1526 1660 constitui
1555 1604 1762 1677 potest
1845 1597 2095 1657 urciani
2121 1597 2328 1657 Romae
2359 1597 2647 1676 praesecei'
2680 1605 2853 1669 retas,
2883 1611 3075 1675 quem
3111 1607 3282 1655 anno
3336 1590 3460 1654 178
3502 1607 3652 1681 peis
3692 1607 3833 1654 con·

535 1671 848 1752 jacturam
886 1672 1304 1753 assignaverat
1339 1676 1654 1739 corsinius
1687 1677 1796 1755 (a),
1824 1691 1967 1738 cum
1999 1674 2132 1752 jam
2162 1674 2550 1754 intelligatur
2580 1674 2773 1738 fuisse
2799 1674 2945 1736 anni
2976 1670 3113 1734 222.
3142 1671 3339 1746 Quam
3370 1679 3831 1760 nari-atiopeia

535 1749 686 1811 satis
721 1749 975 1827 longam
1003 1752 1318 1832 sigillatim
1366 1760 1820 1836 persequentes
1875 1752 2071 1814 multa
2110 1752 2409 1816 exhibere
2461 1770 2789 1835 possemus
2834 1751 3067 1812 indicia
3096 1749 3391 1828 origenis
3421 1748 3824 1822 cer-tissima,

535 1826 656 1889 nisi
685 1826 991 1891 inutiliter
1017 1848 1167 1893 sane
1197 1831 1300 1894 hic
1339 1839 1776 1913 repeterentur
1804 1847 1947 1909 quai
1980 1830 2049 1896 in
2088 1830 2214 1892 alio
2241 1830 2385 1894 loco
2408 1831 2814 1913 hujusipsius
2841 1828 3181 1891 voluminis
3229 1827 3429 1910 plene
3486 1829 3821 1920 leguntur.

535 1906 680 1984 Ipse
709 1906 894 1967 etiam
924 1907 1031 1969 ille
1069 1910 1180 1988 qui
1227 1910 1508 1973 codicem
1547 1910 1819 2001 scripsit,
1860 1908 2303 1988 origenianum
2337 1927 2405 1973 se
2454 1928 2616 1991 opus
2656 1924 2911 1972 exarare
2950 1907 3227 1970 sciebatt
3260 1922 3411 1967 nam
3450 1907 3589 1996 αἱ»)
3628 1905 3825 1986 philo-

535 1983 883 2062 sophorum
921 1993 1028 2048 aut
1060 1989 1499 2052 Gnosticorum
1539 1989 1764 2071 placita
1802 1992 2194 2061 enarrantur,
2227 1987 2333 2049 ille
2357 1988 2595 2069 ubique
2642 1988 2776 2050 fere
2809 1985 3138 2049 rubricatis
3172 1985 3426 2056 litteris,
3466 1984 3825 2064 aliquoties

539 2061 691 2122 atris
725 2062 793 2123 in
827 2066 1110 2142 margine
1159 2066 1386 2146 adjecit
1421 2084 1653 2130 nomen
1682 2067 1823 2156 ejus
1866 2065 2046 2145 cujus
2090 2067 2418 2128 sententiaa
2444 2068 2513 2128 in
2540 2071 2713 2129 textu
2750 2064 3135 2136 referuntur;
3163 2063 3593 2142 tandemque
3620 2063 3731 2124 uhi
3760 2063 3823 2122 aa

534 2137 706 2200 illam
737 2140 1010 2204 veritatis
1052 2144 1415 2208 Christianae
1464 2145 1923 2226 professionem
1959 2151 2215 2204 ventum
2258 2153 2353 2205 est
2400 2162 2525 2225 qua
2569 2162 2732 2225 opus
2754 2144 3121 2205 terminatur
3168 2141 3245 2204 in
3282 2143 3610 2218 margine
3652 2143 3817 2222 ponit

543 2222 833 2306 ζοριγςνης
867 2227 974 2309 xat-
1005 2230 1319 2302 ὀριγένους
1346 2231 1473 2298 δόξα
1507 2224 1609 2303 (cf.
1638 2240 1704 2303 p.
1732 2220 1894 2302 331),
1934 2237 2295 2313 quanquam
2341 2223 2407 2285 in
2439 2229 2613 2285 textu
2650 2241 2781 2286 non
2811 2222 3059 2300 legitur.
3095 2190 3235 2282 tion
3264 2218 3491 2282 solum
3528 2219 3741 2310 igitur
3766 2237 3819 2280 re

537 2310 559 2354 i
615 2311 683 2384 sa
717 2296 1082 2375 intelligitur
1124 2317 1287 2380 opus
1332 2317 1449 2364 nos
1492 2301 1826 2383 possidere·
1855 2300 2329 2377 origenianum,
2370 2301 2482 2363 sed
2517 2303 2703 2364 etiam
2754 2301 3033 2362 habitum
3076 2306 3136 2361 et
3176 2297 3418 2361 lectum
3456 2297 3687 2360 fuisse
3714 2315 3815 2380 pm

591 2374 939 2450 rigeniano,
995 2378 1216 2439 scribae
1269 2381 1630 2444 testimonio
1685 2384 1951 2442 constat.
1993 2377 2152 2451 Quid
2195 2378 2369 2457 quod
2401 2379 2467 2442 in
2514 2379 2780 2461 epistola
2814 2380 2893 2441 ab
2928 2377 3199 2440 Eusebio
3224 2377 3473 2439 inserta
3508 2378 3812 2438 Historia

535 2449 713 2512 Eccl.
744 2469 834 2526 vt,
865 2471 1005 2534 cap.
1047 2456 1139 2530 19,
1180 2456 1479 2537 Origenes
1515 2459 1634 2521 scri
1686 2459 1764 2519 sit
1789 2474 1803 2515 ἰ
1832 2465 1954 2517 ἐπεὶ
1980 2464 2039 2517 δὲ
2075 2503 2441 2522 .......
2483 2468 2793 2540 προσῄεσαν
2830 2466 2919 2520 ὁτὲ
2967 2465 3067 2536 μὲν
3114 2465 3416 2537 αἱρετικοὶ,
3452 2465 3561 2518 ὁτὲ
3618 2463 3679 2516 δὲ
3724 2465 3813 2516 &ab

536 2529 648 2582 τῶν
687 2530 1018 2601 Ἑλληνικῶν
1049 2536 1412 2604 μαθημάτων,
1445 2538 1542 2591 καὶ
1586 2554 1625 2607 μ
1667 2539 1822 2588 λιστα
1845 2535 1953 2588 τῶν
1990 2535 2048 2586 ὲν
2070 2535 2382 2606 φιλοσοφίᾳ,
2409 2536 2589 2601 ἔδοξεν
2616 2537 2867 2604 ἐξετάσαι
2896 2535 2967 2589 τά
2996 2551 3055 2588 τε
3084 2535 3190 2590 τῶν
3214 2533 3545 2603 αἰρεταῶν
3570 2533 3807 2601 δόγματι

536 2608 636 2661 καὶ
659 2608 728 2690 τᾷ
760 2610 864 2691 iiiito
892 2612 1003 2665 τῶν
1035 2613 1341 2694 φιλοσόφων
1374 2617 1502 2687 περὶ
1578 2616 1645 2677 ’ς
1688 2614 1947 2682 ἀληθείας
1987 2612 2164 2680 λέγειν
2200 2614 2664 2686 ἐπαγγελλόμενα,
2704 2621 2919 2668 nonne
2965 2610 3059 2667 est
3103 2607 3581 2692 argum-eninm
3644 2605 3803 2689 liujus

538 2692 758 2757 operis
793 2697 927 2759 ipsa
954 2682 1237 2759 origenis
1278 2700 1470 2745 manu
1513 2633 1944 2746 delineatum?
1972 2681 2049 2744 Ut
2077 2699 2229 2744 sane
2279 2685 2691 2764 supersedere
2721 2683 3038 2764 possimus
3065 2681 3343 2743 examini
3386 2680 3803 2770 profes-&nim

537 2755 685 2819 fidei
727 2758 1116 2833 origenianae
1152 2761 1219 2821 in
1274 2762 1399 2823 fine
1428 2762 1675 2843 positae,
1718 2778 1798 2823 an
1829 2778 1973 2823 cum
2006 2760 2249 2826 caeteris
2285 2762 2421 2840 ejus
2447 2763 2566 2825 scri
2618 2762 2696 2825 tis
2731 2770 2793 2824 et
2823 2759 3286 2823 narrationibus
3323 2759 3629 2822 alim-uin
3660 2775 3799 2820 eoa·

537 2834 807 2896 sentiat:
840 2836 1025 2925 quale
1055 2854 1319 2900 examen
1349 2857 1535 2902 nemo
1558 2841 1758 2902 nescit
1785 2845 1942 2919 quot
1968 2840 2229 2920 paginas
2258 2840 2335 2901 sit
2355 2840 2490 2904 sine
2511 2841 2574 2902 ul
2601 2859 2636 2904 a
2660 2841 3026 2903 necessitate
3046 2840 3586 2917 absumpturam.
3608 2839 3796 2914 Neqoe

534 2911 732 2973 Lemo
778 2914 867 2974 nii
910 2917 1294 2992 quaestiones
1340 2917 1417 2980 de
1456 2918 1617 2981 libro
1671 2927 1807 2997 Περὶ
1849 2925 1952 2997 τῆς
1988 2927 2083 2980 τοῦ
2112 2927 2310 2991 παντὸς
2339 2928 2526 2994 οὐσίας
2561 2919 2647 2999 (ὁ)
2701 2918 2916 2999 (quem
2960 2921 3421 2979 commemorat
3480 2917 3601 2978 Ori
3766 2961 3785 2986 ,

536 3005 605 3078 p.
638 2930 775 3065 3845:
808 2990 907 3072 79)
940 2994 1363 3070 excutiamus;
1401 3014 1545 3059 nam
1577 2997 1748 3077 quod
1779 2994 1884 3057 ille
1923 2996 2117 3058 edidit
2142 2996 2561 3075 fragmentum
2597 3006 2656 3061 et
2684 3000 2747 3060 S.
2784 2995 3131 3077 Hippolyto
3168 2994 3414 3066 tribuit,
3452 2992 3609 3056 nihi
3656 3009 3789 3054 eiia-

535 3073 696 3156 tinet
720 3084 940 3131 eorum
970 3088 1114 3150 quoe
1149 3074 1215 3135 in
1262 3072 1404 3137 loco
1441 3075 1627 3140 allato
1663 3074 1945 3166 respexit
1979 3075 2299 3153 Origenes.
2340 3075 2534 3138 Multo
2566 3077 2779 3157 plures
2815 3091 2964 3137 vero
2999 3072 3391 3153 quaestiones
3422 3081 3495 3134 et
3528 3073 3791 3160 fructuo-

540 3160 744 3208 siores
778 3147 844 3209 in
877 3148 1157 3224 historia,
1186 3152 1250 3213 in
1306 3153 1735 3233 philosophia,
1779 3170 1846 3215 in
1889 3152 2105 3214 litteris
2147 3153 2419 3216 excitant
2443 3154 2565 3234 ipsi
2595 3172 2757 3236 quos
2785 3154 3032 3216 edimus
3068 3151 3207 3212 libri
3236 3157 3501 3231 septem
3536 3168 3555 3211 ε
3588 3153 3793 3229 quibis

540 3220 621 3285 de
657 3226 1111 3364 ‹guaestionibus
1146 3231 1390 3311 aptiore
1433 3232 1576 3295 loco
1633 3250 1820 3313 quam
1849 3232 1916 3293 iii
1976 3231 2255 3293 editione
2303 3232 2590 3322 principe
2643 3232 3073 3302 tractabimuS,
3112 3229 3271 3290 libro
3316 3246 3531 3318 quem
3582 3229 3797 3290 Gallica

537 3301 661 3365 scri
710 3304 945 3367 endum
992 3324 1287 3386 paramus
1316 3310 1395 3372 de
1421 3311 1653 3389 insigni
1696 3310 1819 3374 hoc
1849 3316 1910 3372 et
1944 3309 2021 3372 ad
2062 3325 2252 3372 omne
2278 3310 2623 3372 litterarum
2660 3327 2863 3390 genus
2884 3307 3215 3370 utilissimo
3242 3307 3556 3384 origenis
3592 3321 3775 3387 opere

618 3382 881 3445 Animus
912 3394 1044 3447 erat
1075 3387 1345 3466 primum
1373 3390 1439 3464 in
1484 3390 1772 3480 principe
1816 3389 1932 3452 hac
1978 3388 2256 3450 editione
2302 3388 2586 3450 codicem
2624 3390 2707 3451 ita
2744 3392 3192 3469 repraesentare
3234 3385 3327 3476 uti
3360 3388 3495 3448 sci-i
3558 3395 3661 3448 tus
3698 3391 3786 3474 est.

536 3460 981 3535 emendatione
1012 3465 1187 3527 omni
1216 3466 1282 3526 in
1315 3466 1677 3530 inferiorem
1724 3466 2068 3544 marginem
2102 3466 2396 3544 relegata.
2433 3466 2663 3530 Verum
2691 3474 2812 3530 tam
2847 3466 3213 3544 frequentes
3244 3471 3473 3526 insunt
3542 3467 3789 3527 ibrano·

535 3553 680 3599 rum
708 3539 1170 3624 aberrationes,
1215 3554 1284 3604 ut
1329 3545 1639 3623 ejusmodi
1690 3551 1896 3607 textus
1922 3543 2269 3622 saepissime
2313 3543 2690 3608 inhibuisset
2726 3544 3023 3606 lectorem
3059 3548 3121 3605 et
3160 3549 3483 3622 perpetua
3535 3543 3781 3622 quadam

535 3612 828 3675 molestia
856 3615 1193 3694 fatigasset.
1228 3622 1538 3685 Praeterea
1566 3623 1632 3684 in
1668 3623 1792 3684 illis
1824 3623 1981 3684 locis
2009 3622 2117 3683 ubi
2147 3623 2449 3701 Origenes
2480 3626 2736 3685 Sextum
2770 3620 3179 3703 Empiricum,
3221 3622 3596 3694 Platonem.
3632 3623 3781 3682 λωι-

538 3688 765 3779 phum‚
790 3693 853 3752 S.
887 3695 1218 3766 Irenaeum,
1262 3699 1419 3761 alios
1444 3700 1810 3761 adverbum
1851 3700 1984 3762 fere
2005 3700 2264 3779 repetit,
2304 3700 2642 3780 perspicue
2669 3701 2969 3779 cognosci
3000 3706 3247 3781 poterat
3274 3708 3440 3779 quot
3477 3709 3543 3762 et
3578 3705 3777 3779 quanta

535 3774 682 3831 vitia
714 3767 836 3833 hoc
865 3788 1030 3851 opus
1061 3790 1173 3853 pei·
1200 3776 1552 3839 evidentem
1590 3778 1898 3840 incuriam
1931 3775 2324 3840 librariorum
2348 3785 2637 3842 traxerat.
2661 3781 2877 3843 Potius
2901 3779 3089 3858 igitur
3117 3783 3179 3838 et
3207 3777 3579 3840 consultius
3609 3777 3775 3836 visum

540 3855 636 3908 est
684 3847 990 3913 lectorum
1032 3862 1389 3917 nostrorum
1420 3856 1850 3919 commoditati
1882 3856 2248 3936 prospicere
2275 3864 2578 3936 quantum
2604 3858 2861 3938 quidem
2890 3859 3025 3920 sine
3062 3855 3185 3918 ulla
3208 3857 3595 3919 temeritatis
3618 3851 3779 3932 culpi

538 3925 675 3988 fieri
719 3935 983 4015 poterat.
1026 3932 1400 4015 Ubicunque
1452 3933 1761 3998 sententia
1800 3934 2244 3997 restituebatur
2280 3934 2400 3997 levi
2438 3939 2786 4000 mutatione
2819 3943 3010 4016 atque
3060 3933 3167 3996 tali
3230 3935 3495 4025 qualem
3554 3936 3779 4015 pala-¹0-

613 4004 822 4085 aphiae
846 4007 1019 4088 leges
1055 4019 1117 4073 et
1146 4031 1286 4076 mos
1311 4014 1707 4078 librariorum
1758 4014 1996 4094 ubique
2027 4014 2380 4089 admittunt,
2419 4016 2812 4078 emendatam
2863 4023 2924 4077 et
2957 4029 3377 4076 necessariam
3418 4017 3767 4096 scripturam

561 4083 707 4173 2³¹¹5¹
748 4092 1202 4154 cunctanterin
1238 4100 1413 4155 textu
1441 4095 1789 4174 posuimuS,
1819 4093 2085 4156 inferius
2118 4092 2387 4156 indicata
2416 4093 2654 4156 codicis
2687 4094 2978 4167 lectione,
3014 4092 3096 4154 ita
3124 4091 3385 4171 quidem
3414 4089 3767 4154 iitvelvitio·

537 4177 781 4251 sissima
805 4172 880 4246 ⁸et
920 4184 1000 4229 ex
1054 4179 1277 4250 aperto
1333 4173 1511 4251 lapsu
1545 4180 1682 4236 orta
1710 4189 2023 4252 nusquam
2060 4172 2548 4251 primarii-emus.
2586 4176 2659 4233 At
2680 4174 2916 4235 uhicun
2966 4188 3045 4233 ue
3081 4171 3412 4232 dubitandi
3444 4169 3625 4232 locus
3655 4177 3771 4252 ess}

534 4239 886 4332 videbatur,
918 4249 1344 4325 conjecturam
1391 4256 1670 4313 nostram
1704 4251 1771 4312 in
1808 4251 2217 4314 adnotatione
2245 4250 2457 4313 critica
2499 4251 2895 4332 protulimus,
2991 4249 3193 4332 xperti
3222 4255 3436 4311 autem
3477 4257 3781 4329 sumusin

537 4326 851 4411 scriptore
888 4341 1080 4401 quem
1125 4328 1368 4404 primus
1394 4327 1462 4388 in
1498 4328 1702 4392 lucem
1728 4332 1974 4392 emittas
1999 4329 2093 4390 vel
2126 4337 2442 4408 postrema
2468 4329 2696 4407 legenti
2721 4328 3066 4409 specimina
3094 4343 3288 4389 novas
3315 4327 3597 4389 subinde
3632 4338 3787 4387 nasci

538 4398 1037 4462 emessdfflfflsses·
1091 4405 1485 4484 Quapropter
1519 4407 1754 4469 diutius
1835 4425 1987 4469 enes
2030 4423 2148 4469 nos
2184 4408 2485 4469 cohibere
2522 4407 2934 4471 voluissemus
2965 4406 3157 4470 libros
3180 4405 3361 4468 novis
3390 4421 3609 4483 usque
3640 4417 3791 4487 curi-⁶

538 4474 952 4563 relegendOS‚
992 4480 1109 4541 nisi
1160 4479 1430 4560 delegati
1472 4425 1890 4565 typograpfiei
1935 4486 2274 4548 academias
2327 4486 2734 4555 oxoniensis,
2790 4485 3026 4564 egregii
3066 4484 3178 4546 viri
3231 4490 3294 4545 et
3340 4482 3532 4546 bonis
3574 4485 3791 4544 litteris

538 4559 856 4639 sapienter
888 4560 1333 4633 promovendis
1361 4563 1509 4633 nati,
1544 4565 1763 4626 orbem
1801 4562 2165 4629 litterarium
2196 4562 2318 4624 hoc
2345 4562 2628 4642 origenis
2656 4581 2850 4645 opere
2883 4564 3071 4626 nimis
3101 4563 3209 4625 diu
3248 4559 3571 4626 occultato
3603 4575 3797 4644 quan-

537 4633 744 4720 tocius
772 4630 1011 4697 donare
1031 4636 1394 4700 voluissent.
1427 4642 1705 4703 Primum
1733 4641 1985 4718 librum,
2026 4649 2094 4704 ut
2124 4658 2239 4721 par
2267 4646 2420 4714 erat,
2457 4643 2874 4721 proemisimus
2905 4645 3085 4722 juxta
3120 4657 3413 4720 magnam
3442 4639 3797 4704 editionem

537 4704 740 4797 Patris
775 4709 1055 4789 Delarue,
1095 4725 1358 4797 excepta
1386 4720 1793 4782 annotatione
1815 4720 1894 4782 ad
1917 4737 2050 4782 rem
2080 4718 2355 4781 criticam
2389 4729 2738 4799 spectante.
2776 4723 3081 4783 Eumdem
3110 4720 3243 4783 fere
3271 4722 3534 4782 modum
3568 4717 3642 4780 in
3686 4735 3797 4780 cae·

537 4789 692 4847 teris
716 4805 974 4877 quoque
1008 4793 1342 4870 tenuimus,
1366 4813 1767 4878 quincunque
1787 4798 1865 4860 ad
1888 4796 2374 4877 explicationem
2407 4801 2793 4877 pertinerent
2821 4807 2884 4862 et
2911 4799 2987 4861 ad
3020 4798 3297 4861 infinitas
3318 4798 3463 4858 illas
3480 4799 3799 4877 quastio-

539 4877 656 4926 nes
684 4864 1035 4944 historicas,
1069 4871 1562 4955 philosophicas,
1605 4876 1931 4940 litterar-ias
1958 4873 2387 4956 undecunque
2426 4877 2488 4939 in
2528 4876 2625 4940 his
2670 4878 3072 4959 pullulanteS,
3103 4877 3240 4941 haee
3277 4877 3517 4950 omnia,
3562 4891 3799 4957 queni-

536 4940 878 5008 admodum
909 4947 1060 5025 dixi,
1087 4950 1211 5014 alio
1232 4953 1372 5016 loco
1407 4956 1634 5035 aptiori
1662 4958 2070 5017 reservantes.

619 5021 711 5084 Tu
738 5040 910 5098 vero,
967 5028 1242 5108 benigne
1296 5034 1540 5106 Lector,
1573 5033 1652 5095 de
1743 5031 2148 5094 retiosissimo
2185 5049 2379 5113 opere
2420 5034 2796 5114 origeniano
2842 5041 2986 5117 post
3018 5039 3111 5097 tot
3148 5032 3377 5098 saecuta
3426 5029 3721 5096 feliciter
3744 5033 3799 5094 ia

537 5098 750 5163 lucem
791 5104 1122 5197 producto,
1154 5118 1386 5200 praeter
1415 5129 1674 5174 reveren
1722 5127 1795 5173 os
1813 5110 1982 5172 viros
2009 5110 2331 5190 delegatos
2368 5113 2791 5195 typographei
2832 5114 3173 5177 academias
3204 5110 3617 5176 oxoniensis».
3654 5130 3800 5192 gra·

537 5184 636 5240 tes
677 5179 940 5246 habebis
971 5202 1104 5248 viro
1148 5190 1683 5266 ingeniosissimo,
1722 5188 1831 5268 qni
1861 5205 2169 5252 summam
2206 5193 2378 5273 apud
2420 5209 2535 5256 nos
2571 5209 2704 5254 rem
2732 5191 3170 5255 scholasticam
3204 5191 3535 5272 sapienter
3564 5193 3797 5276 modes
3912 5253 3913 5256 ,

538 5265 711 5344 ratus
739 5277 858 5350 per
883 5267 1078 5326 totam
1112 5266 1426 5347 Europam
1447 5275 1856 5331 monumenta
1885 5277 2093 5331 vetera
2128 5270 2223 5332 vel
2253 5272 2544 5353 conquiri
2574 5271 2667 5334 vel
2702 5271 3005 5350 catalogis
3029 5269 3341 5333 recenseri
3364 5269 3585 5348 jussit.
3620 5269 3798 5334 Abel!

539 5333 891 5415 villemain,
931 5348 996 5431 et
1037 5341 1208 5407 felici
1269 5346 1506 5409 codicis
1552 5347 1902 5426 repertori,
1946 5349 2261 5428 Mynoidae
2306 5353 2548 5431 Mynoe3
2600 5359 2877 5413 nostram
2933 5349 3211 5430 denique
3274 5349 3799 5433 qualemcunque

536 5428 803 5493 operam
874 5427 1104 5484 etimus
1131 5431 1199 5486 ut
1228 5426 1396 5518 aiqui
1423 5425 1706 5507 bonique
1736 5425 2050 5490 consulas.

615 5494 834 5561 scribe
918 5516 982 5562 m
1007 5498 1262 5565 Parisiis
1286 5503 1582 5566 kalendis
1620 5505 2059 5570 decembribus
2087 5507 2395 5573 MDCCCL.
2644 5511 2993 5574 Eumaeum
3032 5506 3338 5571 mma.

612 5636 688 5709 (a)
717 5637 883 5711 Prius.
950 5641 1128 5700 vrbis.
1171 5644 1331 5710 Pisis,
1367 5645 1523 5712 1763.
1559 5646 1689 5705 in-t.
1723 5665 1775 5718 p.
1814 5649 1905 5706 87.

607 5711 683 5782 (b)
709 5711 784 5768 De
839 5717 999 5783 liujus
1031 5717 1213 5787 operis
1240 5728 1460 5776 auctore
1499 5719 1569 5776 cf.
1619 5719 1798 5780 f'liotii
1845 5719 2100 5778 Biblioth.
2142 5719 2265 5778 cod.
2304 5730 2495 5773 xum·
