3967 6217
155 324 383 382 2720

179 708 280 766 Es.
318 711 674 769 descendent
706 709 774 766 de
817 709 972 766 soliis
999 707 1116 766 suis
1146 723 1335 766 omncs
1365 709 1637 780 principes
1661 713 1730 779 Χ
1748 724 1816 765 ex

184 802 505 873 gentibus
547 802 573 872 ζ
607 802 795 865 maris.
843 809 900 856 et
941 799 1132 856 tollent
1182 800 1396 858 cidares
1443 801 1511 857 de
1547 800 1817 872 capitibus

184 894 377 958 sois,
412 902 471 950 et
493 890 818 950 vestimenta
846 889 996 947 varia
1022 905 1121 947 sua
1150 900 1351 948 exuent
1387 899 1654 962 :stupore
1700 901 1818 948 stu·

185 983 470 1056 pennus,
528 998 696 1054 super
744 991 946 1039 terram
987 983 1281 1050 sedebunt,
1334 990 1390 1039 et
1445 982 1818 1039 formidabunt

185 1073 603 1144 perditionem
663 1085 846 1135 suam.
893 1078 950 1127 et
1005 1079 1222 1141 gement
1272 1085 1439 1142 super
1481 1079 1578 1128 te:
1620 1071 1708 1126 17.
1763 1082 1819 1130 et

185 1172 528 1220 assument
562 1176 729 1233 super
760 1169 814 1217 te
844 1161 1307 1228 lamentationem,
1339 1174 1397 1219 et
1428 1162 1699 1234 dicentx(
1719 1162 1816 1219 tibi

201 1254 237 1324 ξ
291 1272 320 1311 a
355 1254 652 1322 Quomodo
678 1253 912 1326 periisti,
939 1262 996 1312 et
1018 1253 1285 1313 dissoluta
1312 1269 1374 1314 es
1406 1272 1474 1312 ex
1498 1255 1660 1321 mari,
1685 1256 1830 1313 urbs-

185 1345 753 1417 celebrata,>(quae
780 1344 924 1402 faeta
957 1353 1078 1402 erat
1120 1343 1277 1403 l'ortis
1310 1345 1368 1401 in
1395 1344 1557 1413 mari,
1594 1346 1733 1417 ipsa,
1762 1355 1819 1403 et

195 1435 612 1494 inhabita-tes
626 1451 750 1495 eam
781 1435 832 1506 ξ,
858 1450 982 1507 quat
1000 1433 1151 1493 dedit
1176 1436 1430 1494 timorem
1453 1451 1614 1494 suum
1640 1437 1820 1493 omni·

196 1526 338 1586 btss
374 1527 752 1585 habitantibus
784 1527 840 1584 in
865 1527 965 1584 eal
1005 1525 1094 1584 18.
1130 1525 1199 1583 Et
1235 1527 1507 1585 timebunt
1552 1527 1745 1586 insulas
1784 1543 1816 1585 a

201 1614 322 1672 dio
348 1615 530 1673 ruine
549 1623 677 1677 tuae.
695 1617 830 1686 Ket
865 1615 1333 1687 perturbabuntur
1362 1616 1557 1674 insulae
1584 1618 1640 1672 in
1679 1619 1816 1673 mari

217 1707 254 1776 ζ
287 1707 381 1779 (q)
410 1708 485 1764 ab
512 1708 663 1765 exitu
691 1707 894 1764 comite
921 1707 1025 1764 tui.
1053 1708 1143 1765 19.
1166 1707 1308 1777 Quia
1334 1708 1451 1778 1130
1475 1709 1610 1767 dicit
1633 1709 1815 1765 Domi-

217 1811 349 1854 nus
382 1795 928 1865 Dominuszssusndo
964 1796 1166 1855 dedero
1193 1806 1247 1857 te
1278 1798 1469 1856 urbem
1493 1798 1812 1867 desolatam,

219 1887 390 1944 sicut
428 1887 614 1954 urbes.
667 1903 791 1960 quat
828 1903 936 1945 non
977 1888 1312 1956 habitantur,
1370 1904 1495 1947 cum
1542 1889 1817 1948 adduxero

223 1991 412 2047 super
441 1975 795 2050 tesbyssum,
826 1987 884 2036 et
899 1979 1107 2050 operiet
1142 1989 1357 2050 tesqua
1390 1980 1582 2036 multa.
1613 1980 1706 2035 2⁰.
1751 1980 1819 2036 Et

225 2065 574 2124 descendere
617 2066 818 2125 faciam
862 2078 919 2126 te
962 2069 1033 2128 ad
1090 2084 1208 2135 eos.
1260 2070 1354 2141 qui
1390 2070 1731 2129 descendunt
1762 2072 1817 2128 in

229 2155 460 2216 foveam
519 2157 589 2215 ad
636 2158 898 2230 populum
967 2160 1357 2231 sempiternum
1382 2201 1400 2227 ,
1462 2168 1519 2220 ct
1569 2161 1819 2220 habitare

230 2246 444 2305 faciam
470 2255 524 2305 te
550 2248 608 2305 in
635 2247 918 2320 prolundis
936 2259 1115 2319 terrae,
1135 2252 1280 2309 sicut
1304 2252 1654 2309 solitudinem
1681 2269 1818 2311 sem-

229 2338 512 2410 piternam
550 2353 678 2396 cum
712 2339 822 2407 bis,
867 2341 962 2412 qui
1004 2341 1342 2400 descendunt
1385 2341 1440 2399 in
1485 2342 1718 2411 foveam,
1756 2351 1817 2400 ut

228 2443 307 2486 ne
335 2428 601 2486 habiteris
629 2431 728 2499 (r),
768 2445 946 2502 neque
989 2447 1244 2505 resurgas
1285 2449 1454 2504 super
1484 2441 1628 2490 terra
1670 2435 1814 2494 vitm.

221 2519 325 2574 21.
362 2517 729 2576 Pet-ditionem
761 2520 905 2578 dabo
932 2530 1007 2590 te,
1046 2532 1104 2578 et
1144 2536 1252 2579 non
1286 2525 1521 2582 exsistes
1555 2525 1811 2596 amplius,

230 2613 378 2678 *et
410 2609 730 2681 requireris,
778 2617 835 2667 et
865 2626 972 2668 non
1011 2611 1308 2670 invenieris
1344 2615 1391 2684 ζ,
1442 2614 1496 2671 in
1533 2616 1816 2687 sempiter-

227 2719 396 2769 num.
423 2703 557 2761 dicit
585 2702 852 2760 Dominus
878 2703 1162 2762 Dominus.

303 2793 462 2852 CAP.
494 2791 863 2851 xxva—t.
896 2792 1186 2853 Etlactum
1222 2803 1309 2856 est
1338 2797 1564 2856 verbum
1599 2797 1813 2858 Domini

230 2885 303 2942 ad
337 2898 446 2952 me,
474 2883 663 2941 dicens
686 2901 703 2939 z
724 2882 780 2938 Ξ.
808 2883 876 2939 Et
900 2891 982 2950 tu,
1009 2884 1086 2942 lili
1107 2885 1367 2952 bominis.
1401 2902 1623 2945 assume
1649 2903 1815 2960 super

233 2976 444 3049 Tyrum
489 2974 960 3042 lamentationem,
998 2975 1054 3032 3.
1084 2984 1139 3034 et
1168 2977 1319 3036 dices
1355 2976 1500 3051 Tyro
1545 2979 1815 3038 habitanti

1446 317 1855 378 unzi-,emus
1890 315 2122 377 caput·
2159 317 2372 377 xxvn.

163 437 514 496 Doruhms
548 435 811 495 Dominus
838 433 984 508 Tyro
1010 432 1240 493 :Nonne
1268 449 1303 489 a
1327 449 1460 492 roes
1485 435 1658 492 ruime
1685 442 1811 498 tuae,
1843 436 1884 494 Α
1918 432 1973 487 hi
2005 432 2275 489 dederunt
2314 430 2543 503 gloriam
2568 439 2740 488 tuam.
2771 430 2859 488 11.
2886 431 3010 487 Filii
3040 431 3395 500 Arudiorum.
3435 446 3490 491 cs

165 543 360 586 essm
392 528 767 601 ingemuerint
792 527 960 584 occisi
1003 527 1107 592 tui,
1145 542 1269 584 cum
1302 527 1620 600 evaginatus
1653 525 1818 583 luerit
1915 525 2155 594 potentia
2199 533 2291 581 tua
2322 538 2489 597 super
2523 522 2700 581 muris
2736 523 3005 593 tuisxin
3041 524 3271 580 circuitu
3300 527 3325 596 ζ
3357 542 3372 581 2
3408 527 3489 594 (y)

175 620 469 692 gladius
495 620 552 676 in
582 620 763 676 medio
791 617 894 685 tui,
927 618 1415 675 commovebuntur
1445 617 1682 674 insuloel
1726 617 1813 672 16.
1915 616 2170 674 custodes
2216 618 2274 671 in
2332 617 2578 672 turribus
2627 615 2739 672 tuis
2774 623 2964 679 erant,
3029 615 3315 687 pharetras
3359 632 3491 674 suas

3349 323 3492 378 27³0

1916 709 2318 778 suspenderunt
2370 722 2538 779 super
2591 718 2784 779 portus
2835 717 2965 765 tuos
3007 707 3063 763 in
3112 708 3344 764 circuitu
3385 708 3488 763 :hi

1915 799 2265 870 perfecerunt
2320 799 2573 856 decorem
2648 807 2827 855 tuum.
2888 799 2978 856 ts.
3030 797 3488 869 Carthaginenses

1917 891 2286 960 negotiatores
2330 891 2409 945 tui
2459 906 2491 946 a
2537 890 2888 948 multitudine
2919 890 3102 947 omnis
3136 889 3353 946 roboris
3384 890 3485 956 tui,

1913 987 2221 1052 argentum,
2253 990 2308 1038 et
2338 996 2553 1048 aurum,
2591 990 2646 1039 et
2672 997 2769 1048 aes,
2797 989 2852 1038 et
2880 980 3106 1046 ferrum.
3135 991 3190 1037 et
3208 990 3484 1048 stannum,

1915 1081 1972 1129 ct
2014 1071 2298 1143 plumbum
2330 1072 2598 1130 dederunt
2637 1071 2911 1130 nundinas
2945 1081 3085 1130 tuas.
3129 1073 3218 1129 15.
3257 1071 3482 1139 Graecia,

1917 1172 1978 1219 et·
1997 1163 2272 1231 universa,
2297 1173 2354 1219 ct
2381 1164 2629 1236 regiones
2668 1174 2926 1230 extensae,
2956 1165 3047 1221 isti
3075 1163 3488 1235 negotiabantur

1918 1253 2019 1310 tibi
2048 1252 2102 1309 in
2137 1252 2426 1310 animabus
2459 1253 2764 1320 hominum,
2798 1263 2853 1308 et
2885 1269 3016 1309 vasa
3061 1254 3186 1310 aeris
3219 1253 3487 1310 dederunt

1915 1354 2215 1401 mercatum
2242 1354 2420 1401 tuum.
2467 1343 2554 1399 ss.
2591 1343 2636 1398 Ε
2670 1343 2834 1400 domo
2865 1343 3170 1415 Thorgama
3198 1359 3391 1415 equos,
3431 1355 3487 1399 et

1915 1436 2149 1512 equites,
2179 1447 2237 1493 ct
2255 1438 2434 1494 mulos
2458 1434 2727 1493 dederunt
2749 1435 3026 1491 nundinas
3057 1444 3203 1493 tuas.
3236 1436 3325 1492 15.
3357 1435 3485 1491 Filii

1916 1526 2257 1584 Rhodiorum
2298 1526 2666 1598 negotiatores
2702 1524 2785 1581 tui
2828 1539 2895 1581 ex
2934 1524 3129 1583 insulis
3158 1526 3488 1598 multiplica-

1918 1622 2049 1673 runt
2090 1623 2386 1671 mercatum
2435 1623 2585 1670 tuum
2629 1614 2818 1671 dentes
2855 1611 3252 1683 elephantinos,
3299 1622 3356 1670 et
3401 1613 3487 1670 his

1920 1704 2248 1762 introductis
2294 1703 2561 1760 reddebas
2601 1702 2879 1759 mercedes
2909 1711 3054 1770 tuas,
3094 1702 3184 1759 16.
3213 1703 3486 1770 homines,

1917 1806 2218 1854 mercatum
2271 1806 2425 1853 tuum
2475 1811 2508 1852 a
2547 1794 2890 1852 multitudine
2944 1794 3216 1852 commisti
3270 1795 3371 1860 tui,
3410 1795 3487 1866 (ι)

1916 1887 2145 1959 benaleg
2189 1886 2389 1960 (liebr.
2426 1895 2572 1969 ’βπ
2598 1886 2653 1957 ·)
2699 1894 2929 1951 stacten,
2976 1894 3034 1942 et
3078 1885 3373 1942 varietates
3418 1901 3485 1942 es

1917 1978 2167 2046 Tharais,
2196 1989 2252 2038 et
2286 1980 2585 2046 Damoth··,
2607 1987 2661 2035 ct
2687 1977 2971 2035 Chorchot·
2997 1977 3264 2034 dederunt
3288 1978 3490 2035 nundi-

1917 2085 2018 2128 nas
2057 2079 2199 2127 tuas.
2228 2072 2319 2128 17.
2345 2071 2507 2137 duda,
2558 2080 2613 2127 ct
2645 2069 2740 2126 lilii
2765 2068 3006 2136 israelis,
3034 2068 3088 2123 bi
3120 2071 3489 2141 negotiatores

1918 2164 1996 2221 tui
2037 2164 2093 2220 in
2140 2163 2448 2221 venditione
2501 2161 2781 2230 frumenti,
2825 2171 2882 2219 ct
2917 2170 3489 2234 unguentorum-eet

1915 2253 2080 2311 casiae
2108 2270 2123 2308 ε
2151 2261 2207 2309 et
2252 2253 2361 2309 mel
2408 2251 2647 2324 primum
2695 2252 2744 2323 ζ,
2790 2261 2845 2309 ct
2892 2252 3096 2316 oleum,
3140 2260 3195 2307 et
3248 2251 3486 2308 resinam

1916 2339 2184 2398 dederunt
2213 2341 2272 2398 in
2304 2340 2653 2397 commistum
2676 2350 2851 2396 mum.
2884 2340 2972 2396 18.
3000 2339 3301 2396 Damascus
3328 2353 3490 2410 nego·

1915 2432 2144 2489 tiatores
2197 2433 2275 2488 sui
2318 2433 2372 2487 in
2432 2431 2781 2489 multitudine
2825 2446 3053 2502 operum
3100 2441 3353 2499 tuorum,
3417 2446 3502 2488 ex.

1915 2523 2266 2580 multitudine
2307 2523 2492 2580 omnis
2548 2523 2803 2594 potentiae
2854 2531 3005 2580 tuoe:
3041 2522 3118 2595 (a)
3163 2522 3351 2580 vinum
3416 2536 3505 2578 ex

1913 2615 2147 2685 Helbon,
2173 2625 2313 2673 -t-et
2356 2617 2536 2672 lanam
2583 2631 2651 2673 ex
2700 2616 2904 2683 Mileto,
2950 2627 3006 2675 et
3048 2617 3236 2674 vinum
3267 2618 3318 2686 ζ,
3344 2622 3497 2688 xes

1913 2701 2051 2770 Dan,
2098 2711 2154 2759 et
2179 2702 2351 2760 Javan
2387 2720 2457 2760 ex
2489 2703 2619 2761 Ozel
2651 2707 2675 2775 ζ
2710 2720 2773 2764 -t·
2794 2707 2847 2762 in
2876 2707 3150 2763 nundinas
3180 2716 3303 2764 tuas
3331 2707 3489 2765 dede-

1911 2803 2045 2852 runt
2076 2795 2123 2866 ζ.
2152 2795 2236 2853 ll).
2264 2795 2343 2851 Ex
2366 2796 2492 2853 Asel
2521 2795 2727 2854 ferrum
2758 2811 2923 2867 opere
2956 2795 3180 2865 lactum,
3208 2806 3262 2855 et
3285 2808 3405 2855 rota
3429 2798 3505 2857 im

1911 2885 2205 2942 commisto
2227 2892 2325 2942 tuo
2351 2894 2455 2943 cst.
2496 2884 2587 2944 2⁰.
2634 2885 2823 2944 Dadan
2853 2887 3219 2958 negotiatores
3247 2890 3325 2945 tui
3357 2903 3502 2946 cum·

1910 2977 2160 3048 jumento
2192 2978 2366 3034 electo
2418 2976 2486 3032 ad
2534 2993 2748 3037 currus.
2787 2979 2877 3037 21.
2929 2979 3151 3047 Arabia,
3203 2989 3260 3038 et
3293 2995 3486 3038 omncs

235 3079 406 3138 super
460 3064 742 3122 introitum
801 3065 993 3132 maris,
1063 3068 1312 3139 emporio
1365 3070 1698 3141 populorum
1743 3084 1812 3126 ex
1837 3076 1882 3136 c
1913 3068 2189 3138 principes
2207 3068 2402 3134 cedar,
2429 3068 2485 3124 hi
2516 3069 3023 3141 negotiatores-per
3048 3086 3271 3127 manum
3309 3079 3501 3138 tuam„

235 3155 435 3215 insulis
463 3155 649 3213 multis
674 3173 690 3210 ε
717 3154 843 3213 flaec
867 3156 1000 3214 dicit
1027 3156 1295 3216 Dominus
1324 3158 1589 3216 Dominus
1611 3158 1757 3230 Tyro
1792 3176 1809 3215 z

234 3244 319 3303 Tu
347 3245 534 3304 dixisti
570 3263 586 3304 t
621 3245 735 3317 Ego
760 3247 920 3318 posui
949 3247 1085 3304 mibi
1119 3248 1190 3320 (s)
1233 3248 1485 3305 decorem
1521 3263 1725 3317 meum,
1754 3246 1809 3302 1.

235 3337 296 3394 ln
329 3337 500 3394 corde
529 3339 700 3395 maris
728 3338 795 3408 (t)
824 3337 1065 3394 Beelimo
1095 3355 1113 3393 z
1146 3337 1241 3394 tilii
1270 3336 1348 3394 tui
1375 3345 1677 3407 posuerunt
1716 3338 1813 3394 tibi

237 3428 516 3485 decorem.
547 3426 602 3482 5.
642 3427 853 3484 cedrus
895 3442 964 3485 ex
1015 3426 1178 3484 sanir
1217 3428 1482 3485 mditlcata
1526 3438 1613 3485 cst
1666 3429 1809 3486 tibi:

241 3531 392 3573 sona
437 3530 686 3574 asserum
715 3518 957 3587 cypressi
983 3532 1051 3574 ex
1085 3516 1293 3575 bibano
1328 3528 1522 3576 sumtae
1563 3531 1711 3587 sunt,
1741 3521 1818 3578 ad·

245 3605 550 3663 laciendum
580 3605 680 3662 tibi
708 3605 883 3664 malos
911 3607 1192 3680 abiegnos,
1220 3607 1274 3664 6.
1304 3624 1336 3665 e
1358 3597 1579 3680 regione
1606 3609 1808 3683 Daisun

244 3696 487 3755 recerunt
509 3709 691 3754 remos
717 3703 866 3764 tuos,
899 3698 1096 3769 templs
1133 3707 1234 3754 tua
1253 3699 1508 3758 recerunt
1520 3717 1585 3758 ex
1617 3703 1804 3774 ebore,

241 3786 429 3843 domos
471 3786 675 3844 densas
709 3800 778 3843 ex
815 3786 1007 3845 ins-tis
1051 3789 1457 3849 Chetbaeorum.
1498 3794 1553 3848 7.
1602 3793 1805 3866 Byssus

241 3890 360 3930 cum
381 3873 642 3931 varietate
668 3890 738 3932 es
765 3873 1000 3949 AEgypto
1037 3876 1182 3935 facta
1214 3889 1294 3936 est
1324 3880 1422 3938 tibi
1450 3889 1705 3949 stratum,
1733 3885 1803 3941 ad

240 3963 540 4031 ponendum
576 3962 678 4022 tibi
719 3964 801 4036 (ιι)
845 3965 1100 4037 gloriam,
1127 3975 1270 4025 -t-ct
1321 3971 1390 4026 ad
1444 3973 1802 4042 operiendum

242 4065 291 4107 te
321 4055 344 4125 ζ
372 4053 692 4126 hyacintho,
735 4061 792 4109 et
814 4068 1079 4124 purpura,
1110 4069 1177 4111 ex
1220 4056 1415 4115 insulis
1441 4058 1620 4126 Elisae,
1662 4060 1802 4118 sacta

240 4153 361 4198 sunt
384 4142 722 4214 operimenta
756 4150 869 4199 tua.
901 4141 1029 4198 8.-ι-
1053 4142 1121 4198 Et
1153 4144 1427 4217 principes
1459 4147 1538 4204 tui
1575 4149 1624 4218 ζ,
1649 4148 1803 4204 babi-

242 4241 413 4292 lantes
439 4234 494 4289 in
529 4233 755 4302 Sidone,
781 4242 837 4291 et
867 4234 1056 4290 Arudii
1083 4233 1307 4291 luerunt
1329 4237 1587 4294 ductores
1620 4253 1801 4294 remo·

241 4337 353 4378 rum
377 4332 593 4381 tuorum
621 4341 640 4380 ι
670 4325 943 4394 sapientes
985 4325 1087 4389 tui.
1118 4324 1281 4397 Tyrc,
1310 4327 1406 4398 qui
1439 4337 1597 4384 erant
1631 4329 1686 4385 in
1723 4338 1809 4397 te,

240 4411 293 4466 hi
319 4421 495 4470 nauta
513 4412 616 4472 tui.
637 4413 695 4469 9.
724 4412 980 4470 seniores
1001 4416 1083 4486 (x)
1109 4413 1423 4485 bibliorum,
1449 4426 1502 4474 et
1526 4418 1797 4490 sapientes
1828 4391 1872 4449 Β

242 4516 443 4572 corum,
474 4504 572 4575 qni
601 4510 762 4561 crant
784 4505 842 4561 in
872 4513 945 4573 te,
977 4505 1034 4562 bi
1055 4506 1483 4564 corroborabant
1509 4510 1801 4568 consilium

244 4600 386 4650 tuum
408 4612 425 4648 ε
450 4602 506 4652 et
531 4609 723 4652 omnes
751 4611 916 4654 naves
946 4597 1136 4664 maris.
1162 4605 1218 4654 ct
1242 4598 1493 4658 ductores
1524 4616 1802 4660 remorum

241 4698 415 4741 earum
470 4684 602 4742 facti
666 4695 797 4744 sunt
844 4687 941 4743 tibi
985 4688 1056 4743 ab
1101 4702 1396 4746 occasuum
1446 4705 1668 4750 occasu.
1713 4693 1801 4750 10.

241 4771 426 4842 Persae,
459 4785 514 4832 et
541 4775 697 4850 Lydi,
729 4785 786 4835 et
807 4775 1006 4852 Libyes
1029 4787 1188 4834 erant
1209 4779 1266 4835 in
1292 4781 1532 4850 potentia
1558 4790 1672 4853 tua,
1699 4785 1802 4842 viri

244 4863 515 4924 bellatores
543 4868 621 4926 tui
659 4869 880 4944 clypeos
912 4879 967 4927 et
989 4868 1176 4942 galeas
1202 4872 1608 4943 suspenderunt
1631 4874 1687 4931 in
1718 4883 1796 4941 tc,

1913 3155 2172 3221 camelos,
2199 3161 2256 3212 et
2286 3155 2505 3224 arietes,
2534 3164 2589 3212 et
2619 3170 2821 3227 agnos,
2849 3157 2903 3213 in
2943 3159 3143 3228 quibus
3168 3160 3487 3218 mercaban-

1913 3251 2005 3298 tur
2026 3244 2143 3298 tibi.
2171 3243 2265 3299 22.
2286 3240 2667 3314 Negotiatorcs
2692 3246 2870 3311 Sabae,
2892 3256 2948 3303 ct
2962 3248 3284 3314 Raamae,.bi
3314 3264 3485 3322 nego-

1915 3331 2138 3390 tiatores
2185 3332 2265 3389 tui
2311 3347 2437 3389 cum
2479 3334 2818 3393 aromatibus
2860 3336 3074 3407 primis,
3117 3346 3173 3394 et
3211 3339 3487 3409 lapidibus

1910 3418 2091 3487 bonis,
2143 3430 2200 3480 et
2250 3437 2445 3480 aurum
2476 3423 2744 3481 dederunt
2776 3426 3051 3483 nundinas
3080 3436 3222 3484 tuas.
3251 3428 3344 3484 23.
3375 3427 3486 3484 lla-

1911 3528 2034 3579 ran,
2062 3523 2116 3571 et
2136 3512 2576 3584 Chanaan,>t(et
2605 3513 2814 3586 Dadan,
2845 3518 2871 3588 ζ
2903 3530 2967 3574 -t-
2986 3517 3041 3573 hl
3067 3520 3092 3590 ζ
3122 3518 3484 3590 negotiatores

1910 3601 2033 3656 tui:
2065 3604 2134 3670 3⁸(
2162 3599 2304 3657 Saba
2338 3602 2388 3672 ζ.
2435 3602 2630 3670 Assur,
2688 3615 2743 3660 et
2798 3603 3064 3664 Chalinun
3119 3608 3501 3681 negotiatores.

1908 3692 2010 3757 tui,
2055 3692 2145 3747 st.
2178 3691 2416 3750 ferentes
2459 3696 2917 3768 mercatumXin
2963 3697 3275 3768 nselmum,
3323 3710 3380 3757 et
3423 3701 3481 3758 in

1905 3783 2117 3840 Galima
2165 3786 2188 3856 ζ
2234 3784 2586 3858 hyacinthum
2621 3789 2690 3859 χ
2722 3788 2799 3860 (b)
2835 3799 2890 3846 et
2938 3791 3272 3866 variegatum
3327 3794 3377 3865 ζ,
3426 3806 3487 3852 ct

1904 3873 2195 3932 thesauros
2239 3876 2467 3945 clectos,
2513 3878 2715 3952 ligatos
2761 3874 3006 3949 l'un'ibus,
3057 3893 3115 3940 et
3168 3901 3334 3943 naves
3384 3885 3481 3943 25.

1902 3981 2292 4037 cupressorum
2333 3969 2393 4026 in
2436 3970 2515 4026 cis
2553 3973 2622 4039 3<
2653 3972 2951 4041 negotiatio
2996 3981 3087 4028 tua
3126 3975 3151 4043 ζ
3192 3973 3481 4047 Carthagi-

1901 4069 2102 4113 nenses
2126 4056 2492 4127 negotiatores
2516 4059 2594 4113 tui
2623 4059 2679 4114 in
2702 4061 3051 4118 multitudine
3077 4065 3477 4135 negotiatorum

1902 4151 2145 4211 tuorum,
2179 4146 2235 4200 in
2269 4146 2564 4204 commisto
2594 4157 2709 4205 tuo.
2742 4149 2812 4205 Et
2852 4150 3055 4221 repleta
3081 4168 3165 4220 cs,
3198 4161 3255 4209 et
3283 4169 3478 4227 aggra-

1901 4243 2025 4291 vata
2056 4250 2125 4292 es
2146 4235 2304 4293 valde
2345 4238 2403 4292 in
2438 4240 2603 4296 corde
2633 4241 2803 4299 maris
2835 4258 2850 4296 t
2879 4242 2970 4298 26.
3022 4243 3077 4298 in
3125 4260 3268 4317 aqua
3307 4246 3477 4302 multa

1900 4325 2246 4383 adduxerunt
2276 4335 2331 4384 te
2355 4328 2611 4388 ductores
2648 4346 2927 4390 remorum
2958 4341 3200 4406 tuorum,
3248 4338 3476 4408 spiritus

1899 4416 2075 4474 austri
2114 4414 2381 4489 confregit
2419 4426 2472 4475 te
2514 4419 2571 4475 in
2603 4423 2770 4479 corde
2802 4425 3010 4483 maris:
3039 4425 3132 4484 27.
3178 4436 3336 4484 erant
3366 4429 3475 4484 vir·

1899 4513 2045 4562 tutes
2072 4516 2198 4578 tuae,
2235 4516 2291 4564 et
2320 4524 2529 4568 merces
2562 4520 2672 4581 tua,
2701 4524 2755 4569 et
2785 4517 3199 4574 columistorum
3229 4528 3472 4583 tuorum,

1900 4605 1955 4652 et
1978 4596 2231 4654 ductores
2273 4612 2553 4657 remorum
2583 4610 2827 4670 tuorum,
2857 4613 2913 4662 et
2940 4606 3331 4676 gubernatores
3368 4609 3469 4674 tui,

1901 4697 1955 4745 et
1974 4689 2278 4747 consiliarii
2299 4693 2401 4759 tui,
2428 4702 2483 4749 et
2501 4696 2774 4752 commisti
2801 4696 2882 4753 tui
2910 4714 2978 4754 cx
3011 4701 3317 4757 commistis
3339 4701 3468 4768 tuis,

1901 4791 1958 4837 et
1980 4796 2173 4838 omncs
2200 4783 2491 4843 bellatores
2523 4788 2625 4856 tui,
2649 4788 2744 4861 qui
2776 4789 2832 4845 in
2860 4799 2912 4847 te
2946 4810 2961 4846 ι
2988 4800 3044 4846 ct
3080 4793 3262 4847 omnis
3296 4800 3471 4848 coetus

1906 4883 2057 4942 tuus,
2084 4875 2155 4944 Χ
2180 4874 2274 4946 qui
2295 4876 2319 4948 ζ
2344 4876 2400 4932 in
2427 4877 2607 4935 medio
2636 4879 2737 4947 tui,
2770 4880 2966 4938 cadent
2983 4881 3040 4936 in
3068 4882 3234 4937 corde
3262 4885 3469 4940 maris:

305 5085 376 5158 (q)
404 5086 488 5148 S..
515 5087 587 5146 ab
613 5101 682 5146 eo
709 5093 854 5162 quod
884 5108 990 5150 non
1023 5097 1095 5151 sit
1120 5098 1302 5168 egredi
1333 5114 1365 5154 a
1397 5109 1468 5158 te.
1545 5101 1618 5174 (r)
1647 5104 1768 5170 rte„
1794 5113 1849 5163 ct
1874 5107 2019 5163 dabo
2044 5106 2214 5163 robur
2245 5107 2299 5162 in
2336 5117 2481 5164 terra
2515 5107 2836 5168 viventium.
2913 5111 2984 5182 (s)
3024 5112 3111 5177 S.,
3142 5110 3380 5182 perfecta
3414 5112 3469 5168 in

242 5156 441 5213 decore.
477 5157 597 5224 rte..
631 5173 838 5218 corona
857 5163 1094 5223 decoris.
1193 5179 1210 5222 ι

240 5227 425 5282 velum.
461 5227 582 5310 spx)
618 5227 739 5294 Tro..
763 5229 1058 5302 Hebraicc;
1090 5170 1220 5293 Gae(b

241 5294 398 5351 Cuma
421 5296 536 5351 din.
563 5299 658 5366 Α..
686 5299 800 5355 Suu
823 5308 929 5368 est,
957 5311 1011 5358 et
1033 5319 1141 5360 non
1168 5316 1252 5362 est

1278 5313 1410 5380 (quo
1450 5313 1565 5367 haec
1594 5313 1826 5370 obscura
1859 5316 2189 5386 pertineant,
2230 5333 2340 5372 non
2396 5317 2686 5401 intelligo).

1215 5168 1236 5238 )
1270 5168 1354 5232 S..
1390 5171 1556 5228 vicini
1595 5175 1695 5241 tui,
1720 5184 1776 5231 et
1820 5178 1915 5247 qui
1966 5176 2335 5243 aedificantis,
2375 5177 2721 5249 perfecerunt
2739 5181 2994 5238 decorem
3019 5189 3196 5236 tuum.
3274 5184 3352 5253 (u)
3380 5180 3466 5248 S.,

1222 5239 1295 5307 al,
1331 5240 1579 5298 ΓΑΒΑΛ.
1623 5244 1712 5307 S.,
1742 5247 2020 5304 solventes
2048 5247 2347 5303 mixturam
2386 5255 2559 5304 tuam.
2635 5248 2713 5320 (y)
2738 5249 2827 5314 S.,
2857 5251 2955 5306 sed
2979 5258 3032 5306 et
3063 5249 3223 5306 Medi.
3262 5251 3383 5318 Tae„
3413 5262 3471 5307 et

2801 5321 2876 5390 (z)
2906 5319 2989 5385 S.,
3044 5321 3196 5375 varic
3248 5322 3467 5376 intexta:

242 5377 500 5434 immun!-
537 5365 602 5436 (⁶)
634 5377 673 5426 :t
727 5370 782 5424 in
817 5368 982 5427 llcbr.
1021 5382 1076 5455 ct
1119 5374 1175 5431 in
1223 5377 1343 5449 Syr.
1410 5382 1608 5438 servile
1627 5390 1729 5450 cst,
1775 5385 2191 5456 significatque,
2220 5387 2296 5442 ivr.
2330 5386 2635 5444 Theodotto
2674 5404 2689 5441 t
2721 5388 2780 5441 ἐν
2816 5388 2955 5459 ναφέ
2998 5429 3011 5441 .
3045 5390 3131 5445 Cf.
3162 5405 3326 5460 supra
3365 5404 3465 5445 no-

243 5442 336 5526 tam
387 5435 454 5489 ad
503 5435 650 5518 hunc
688 5437 890 5495 locum.
943 5439 1162 5512 Syriaca
1216 5463 1320 5504 vox
1386 5457 1569 5506 textus
1626 5454 1830 5518 nostri,
1871 5469 1981 5510 non
2022 5454 2262 5526 benaseq.
2315 5458 2411 5512 sed
2462 5459 2517 5512 in
2562 5457 2719 5529 natea
2773 5467 2960 5514 verten
3003 5475 3033 5516 a
3087 5468 3189 5516 cst.
3257 5459 3458 5520 Dsacn.

243 5503 258 5572 (
301 5507 318 5574 )
354 5503 394 5558 S
431 5519 477 5558 r.
505 5519 614 5560 scri
657 5515 762 5573 tor,
793 5517 854 5564 ut
884 5512 1040 5576 nobis
1064 5515 1297 5580 videtur.
1324 5519 1508 5588 posuit
1533 5531 1568 5580 ·t
1598 5537 1696 5594 pro
1712 5535 1776 5590 Ἴ,
1808 5534 1864 5580 ct
1898 5523 2133 5579 Ramoth
2172 5526 2483 5596 legendum.
2515 5524 2719 5584 Daton.
2796 5529 2875 5599 (α)
2905 5527 2989 5594 S.,
3012 5527 3066 5584 in
3090 5530 3217 5585 vino
3249 5530 3459 5610 pingui.

241 5573 360 5698 alin
412 5589 516 5631 ana
542 5589 608 5646 sp
630 5577 851 5660 cndida.
890 5579 956 5635 lit
984 5578 1119 5647 Dan,
1145 5595 1199 5640 ct
1230 5583 1422 5670 lavan,
1479 5589 1710 5649 vadente

288 5657 400 5701 mus
439 5657 771 5707 commercia
814 5655 910 5706 tua
946 5647 1183 5710 [uerunt.
1259 5657 1335 5728 (b)
1363 5655 1428 5714 lat
1454 5673 1737 5734 purpuras.

1713 5608 1741 5649 s
1788 5593 1856 5652 ad
1898 5594 2173 5653 nundinas
2204 5604 2346 5664 tuas,
2387 5595 2714 5657 addiderunt
2751 5596 2958 5657 serrum
3002 5615 3018 5654 t
3054 5608 3247 5669 stacte,
3283 5607 3339 5660 et
3369 5613 3465 5658 ca»
