3967 6217
307 337 453 411 κιρ.
1399 347 1574 410 ιω).
1614 349 2009 426 numm
2028 348 2460 413 {PRAEFATIQ
3364 369 3371 378 ·
3420 339 3566 408 3014

1029 653 1306 745 LUD.
1387 653 1999 745 DUNCKERI
2078 655 2718 751 PRAEFATIO
2785 676 2850 746 ⁸.

1603 819 1881 884 (fasciculo
1913 822 1956 873 11
1984 829 2276 891 praemissa.)

388 1043 538 1103 Cum
565 1045 710 1103 ante
753 1037 871 1103 hos
917 1046 1064 1104 octo
1099 1039 1301 1104 annos
1329 1040 1395 1104 in
1450 1039 1697 1103 Nuntiis
1739 1041 2054 1109 litterariis
2080 1043 2596 1123 Gottingensibus
2628 1043 2711 1124 (a)
2756 1043 2837 1106 de
2871 1058 3089 1121 opere,
3122 1042 3294 1124 quod
3330 1043 3560 1109 inscri-

305 1117 476 1181 bitur
496 1119 787 1199 Oriqenis
814 1118 1398 1198 Philosophumena,
1430 1121 1557 1180 sive
1594 1121 1867 1182 omnium
1900 1122 2226 1186 haeresium
2251 1125 2578 1202 refutatio,
2612 1130 2743 1185 tum
2777 1121 3049 1201 primum
3081 1139 3113 1184 a
3154 1121 3288 1184 viro
3317 1122 3557 1187 doctis-

305 1197 468 1259 simo
500 1197 906 1260 Emmanuele
943 1196 1183 1260 Millero
1213 1197 1490 1260 ecodice
1530 1199 1836 1274 Parisino,
1957 1203 1976 1262 i
2026 1201 2216 1281 paulo
2244 1210 2387 1264 ante
2424 1217 2501 1264 ex
2545 1200 2780 1263 Graecia
2810 1200 3033 1262 allatus
3069 1207 3225 1272 erat,
3266 1201 3329 1261 in
3354 1200 3561 1265 lucem

307 1274 481 1338 edito
528 1291 947 1355 exponerem,
990 1291 1199 1355 neque
1234 1292 1268 1337 a
1310 1292 1558 1338 summo
1601 1275 1711 1339 illo
1755 1279 1876 1342 Ecc
1904 1280 2051 1342 esiae
2079 1278 2517 1341 Alexandriam
2554 1280 2835 1351 doctore,
2877 1277 2986 1338 sed
3008 1280 3087 1340 ab
3117 1278 3463 1358 Hippolyto
3497 1280 3562 1343 id

311 1369 453 1416 esse
482 1353 780 1436 scriptum
810 1356 1076 1434 probare
1104 1351 1442 1426 studerem,
1485 1354 1604 1415 sub
1645 1355 1835 1417 finem
1883 1356 2381 1421 commentarioli
2409 1357 2540 1435 jam
2575 1373 2798 1419 novam
2829 1355 2967 1417 libri
2994 1373 3031 1417 a
3060 1355 3558 1431 Schneidewino,

310 1428 556 1510 collega
603 1449 746 1494 meo
792 1430 1341 1512 conjunctissimo,
1386 1437 1448 1492 et
1472 1431 1715 1512 meipso
1743 1437 2186 1500 communibus
2207 1434 2426 1498 studiis
2461 1433 2889 1495 adornandam
2927 1433 3187 1512 promisi
3219 1433 3562 1498 editionem

306 1509 612 1574 criticam.
641 1510 822 1571 Haud
852 1509 1153 1572 mediocri
1177 1508 1369 1571 animi
1389 1509 1614 1571 ardore
1655 1529 1787 1573 rem
1825 1515 2126 1593 aggressi,
2164 1514 2388 1576 iterum
2413 1529 2486 1573 ar·
2514 1512 2746 1591 soepius
2771 1510 2998 1572 librum
3030 1509 3215 1572 simul
3258 1528 3563 1590 recogno-

305 1588 546 1650 scendo
576 1594 636 1650 et
665 1588 1113 1667 perscrutando
1136 1595 1198 1649 et
1239 1587 1560 1649 communi
1593 1590 1861 1656 consilio
1889 1599 2131 1654 textum
2159 1588 2559 1654 emendando
2588 1606 2660 1651 ac
2690 1588 2980 1651 versione
3009 1588 3224 1650 Latina
3259 1588 3555 1667 notisque

304 1661 682 1729 illustrando
724 1683 840 1745 per
882 1665 1124 1744 aliquot
1161 1679 1365 1728 annos
1393 1663 1630 1728 difficili
1660 1667 1857 1734 labori
1884 1670 2339 1733 insudavimus.
2370 1669 2541 1747 Opus
2567 1674 2777 1729 autem
2809 1674 3091 1729 nostrum
3124 1672 3386 1746 propter
3404 1684 3558 1729 cau-

308 1759 432 1815 sas,
472 1761 630 1823 quas
668 1759 1038 1806 enumerare
1081 1744 1340 1822 longum
1378 1751 1495 1818 est,
1548 1753 1779 1824 proeter
1799 1746 2181 1812 voluntatem
2230 1747 2468 1810 tardius
2512 1744 2840 1824 processit,
2874 1746 2954 1806 ita
2985 1751 3084 1816 ut,
3113 1762 3254 1806 cum
3291 1743 3559 1807 Schnei-

308 1819 591 1883 dewinus
627 1821 824 1883 tribus
856 1820 988 1883 fere
1014 1820 1242 1884 abhinc
1270 1822 1452 1883 annis
1483 1821 1811 1902 inopinata
1849 1844 1923 1888 ac
1963 1833 2339 1907 praematura
2381 1832 2584 1885 morte
2610 1832 2672 1886 et
2701 1822 2920 1884 litteris
2948 1829 3011 1884 et
3034 1822 3252 1885 amicis
3273 1821 3557 1901 eripere-

308 1905 434 1971 tur,
490 1899 766 1961 nondum
816 1898 1069 1962 dimidia
1108 1917 1251 1979 pars
1308 1900 1500 1963 totius
1547 1900 1684 1963 libri
1743 1904 1910 1983 typis
1952 1912 2120 1967 esset
2173 1902 2504 1983 exscripta.
2554 1903 2687 1975 Quo
2716 1899 2874 1964 tristi
2922 1919 3071 1962 casu
3125 1899 3299 1963 socio
3349 1902 3563 1980 operis

310 1974 721 2040 solertissimo
758 1984 948 2058 atque
986 1995 1105 2040 exo
1153 1978 1458 2042 tatissimo
1493 1979 1747 2042 orbatus
1768 1999 1911 2043 curn
1938 1982 2159 2045 iisdem
2193 1981 2414 2044 diebus
2435 1980 2621 2042 etiam
2649 1977 3310 2041 benevolentissimum
3333 1976 3562 2041 borum

308 2053 660 2118 studiorum
692 2063 1051 2120 nostrorum
1131 2061 1415 2118 autorem
1468 2064 1660 2136 atque
1696 2057 2070 2149 adjutorem,
2113 2059 2401 2123 carolum
2448 2057 2829 2119 Fridericum
2869 2058 3323 2124 Hermannum,
3362 2057 3564 2119 virum

308 2129 681 2196 immortalis
726 2134 1071 2207 memorioe,
1102 2140 1306 2195 morte
1345 2135 1716 2209 amisissem,
1755 2155 1909 2215 Jam,
1969 2155 2051 2201 ne
2082 2156 2182 2200 res
2208 2137 2610 2209 haeresceret,
2645 2135 2923 2216 priorem
2973 2134 3160 2214 hujus
3202 2132 3341 2194 libri
3372 2134 3561 2198 fasci·

310 2209 524 2271 culum
562 2210 730 2273 foras
783 2212 1196 2274 emittendum
1247 2212 1480 2285 curavi,
1525 2220 1587 2274 et
1616 2213 1765 2275 dum
1820 2216 1960 2295 ipse
2011 2234 2129 2296 pro
2166 2215 2327 2277 virili
2419 2221 2551 2276 arte
2601 2230 2732 2275 rem
2771 2230 3157 2293 promovere·
3199 2210 3555 2285 studebam,

309 2286 724 2376 Christianum
757 2290 1212 2364 Petersenium,
1257 2289 1681 2369 professorem
1729 2294 2296 2384 Hamburgensem,
2335 2311 2369 2355 a
2444 2307 2585 2354 nem
2630 2303 2838 2353 mcum
2874 2290 3372 2363 dilectissimum,
3410 2308 3556 2369 pre-

309 2364 490 2427 cibus
530 2366 716 2441 adivi,
769 2375 838 2429 ut
878 2369 943 2430 in
986 2385 1181 2448 opere
1224 2367 1613 2449 perficiendo
1654 2369 1934 2451 benigno
1964 2373 2118 2434 mihi
2148 2372 2416 2435 consilio
2448 2388 2563 2433 suo
2594 2373 2783 2450 atque
2825 2368 3058 2432 auxilio
3099 2365 3320 2431 adesse
3349 2369 3557 2431 vellet.

310 2443 600 2518 Quicum
654 2463 920 2520 summa,
965 2464 1088 2525 qua
1128 2453 1221 2508 est
1275 2446 1664 2510 humanitate
1712 2457 1775 2511 et
1817 2467 1966 2529 erga
2002 2468 2104 2514 me
2142 2449 2607 2522 benevolentia,
2654 2448 2890 2528 petenti
2928 2439 3083 2510 mihi
3114 2464 3243 2510 non
3288 2445 3558 2519 deesset,

307 2521 638 2602 sperabam
697 2523 857 2600 fore,
909 2530 975 2586 ut
1027 2525 1200 2586 brevi
1253 2523 1540 2614 tempore
1609 2525 1802 2591 altera
1836 2546 2095 2608 quoque
2131 2527 2273 2591 libri
2323 2546 2470 2608 pars
2524 2544 2560 2589 e
2614 2526 2793 2606 prelo
2833 2526 3135 2606 prodiret.
3181 2524 3300 2586 Sed
3337 2533 3564 2604 praeter

309 2601 845 2685 exspectationem
905 2619 1005 2666 res
1052 2595 1279 2665 evenit.
1329 2593 1635 2666 Diuturno
1689 2605 1858 2668 enim
1902 2607 2127 2669 morbo
2169 2607 2254 2667 im
2308 2607 2535 2678 edituS,
2566 2605 2910 2686 quominus
2935 2603 3140 2666 adhuc
3172 2603 3360 2665 fidem
3403 2619 3563 2683 proe-

308 2688 563 2757 starem,
603 2699 774 2746 nunc
812 2680 1067 2744 demum
1099 2697 1262 2761 opus
1305 2688 1449 2760 post
1473 2681 1675 2743 varios
1709 2701 1891 2746 casus
1924 2685 2178 2747 tandem
2225 2625 2582 2746 asssolutum
2634 2683 2697 2744 in
2749 2682 3068 2761 publicum
3112 2681 3354 2753 emitte,
3390 2682 3563 2760 quod

307 2767 378 2822 ut
427 2777 611 2842 reque
636 2768 699 2825 et
727 2761 1000 2840 benigne
1041 2759 1363 2839 excipiant
1406 2759 1698 2822 benevoli
1728 2762 2001 2824 lectores
2029 2763 2437 2824 veliementer
2471 2762 2683 2842 cupio.
2721 2763 2952 2822 Facere
2995 2767 3204 2822 autem
3243 2776 3370 2821 non
3402 2773 3555 2849 pos-

307 2853 473 2911 sum,
503 2839 680 2919 quin,
711 2839 919 2902 oblata
940 2838 1092 2904 mihi
1114 2837 1447 2901 occasione
1477 2845 1616 2900 utar
1641 2845 1703 2900 et
1731 2841 2049 2914 omnibuS,
2083 2841 2191 2921 qui
2232 2855 2332 2904 me
2361 2839 2426 2901 iu
2458 2839 2581 2902 hoc
2623 2838 2785 2901 libro
2819 2838 3069 2900 edendo
3099 2845 3161 2899 et
3192 2836 3460 2900 consilio
3498 2844 3563 2900 et

307 2929 378 2979 re
409 2917 835 2982 lubentissime
866 2927 927 2982 et
952 2918 1059 2981 dili
1107 2917 1425 2980 entissime
1452 2916 1846 2996 adjuverunt,
1869 2919 2019 2981 viris
2049 2918 2255 2981 doctis
2278 2931 2680 2998 summopere
2709 2915 2993 2979 colendis
3019 2916 3323 2979 maximas
3354 2915 3560 2995 palam

307 2996 534 3134 fratias
573 3011 778 3072 agam,
809 2997 871 3058 in
917 2997 1076 3078 prim
1105 3015 1134 3057 s
1163 2995 1508 3069 Christiano
1537 2997 1924 3071 Petet-senio,
1958 2998 2162 3059 amico
2199 2995 2666 3069 charissim0,et
2694 2997 3057 3074 Hermanno
3088 2994 3390 3075 Sauppio,
3422 2992 3559 3056 col-

334 3090 465 3152 θεῶ
496 3073 1032 3154 conjunctissime,
1068 3090 1337 3153 quorum
1395 3072 1504 3135 ille
1550 3081 1950 3154 postremam,
1977 3075 2121 3138 libri
2164 3082 2401 3155 partem
2451 3073 2918 3146 accuratissime
2954 3088 3204 3136 mecum
3244 3072 3560 3134 recensuit

307 3155 498 3232 atque
524 3151 845 3230 castigavit
873 3169 1082 3230 neque
1105 3158 1175 3212 ut
1216 3150 1426 3216 socius
1455 3151 1666 3231 operis
1687 3169 1970 3231 unquam
1999 3152 2152 3213 mihi
2183 3153 2402 3223 defuit,
2430 3161 2697 3230 uterque
2725 3159 2932 3214 autem
2964 3150 3244 3227 singutas
3275 3149 3560 3231 plagulas

307 3231 476 3309 typis
533 3232 878 3310 exscriptas
925 3229 1260 3307 diligenter
1314 3226 1756 3308 perlustrando
1810 3229 2005 3290 multa
2057 3237 2261 3291 errata
2318 3234 2766 3300 correxerunt,
2816 3227 3311 3304 elegantissimas
3354 3235 3561 3288 textus

308 3308 786 3371 emendationes
837 3312 1310 3389 proposuerunt
1347 3311 1409 3367 et
1452 3305 1787 3386 praeclaras
1834 3314 2020 3369 notas
2071 3307 2151 3370 ad
2196 3307 2527 3386 scriptoris
2561 3304 2931 3368 sententiam
2974 3304 3411 3385 explicandam
3444 3304 3558 3366 ad·

310 3385 610 3449 ‘iz-cerunt.
2900 3409 2909 3421 ·

298 3401 325 3467 ’1
386 3465 624 3538 Quibus
669 3465 940 3528 breviter
976 3464 1057 3526 de
1095 3463 1311 3537 modo,
1352 3479 1481 3543 quo
1513 3463 1615 3528 hic
1650 3463 1812 3528 liber
1843 3464 2171 3528 consectus
2209 3470 2324 3541 cst,
2357 3463 2719 3546 praemissis,
2760 3479 2888 3524 non
2922 3470 3014 3524 est
3052 3461 3225 3540 quod
3260 3461 3453 3523 multa
3481 3459 3562 3523 de

308 3540 580 3605 consilio
635 3558 815 3604 novae
874 3542 1061 3620 hujus
1108 3542 1405 3604 editionis
1436 3542 1687 3606 addam.
1721 3546 1812 3606 De
1856 3544 2046 3607 inseri
2102 3544 2297 3618 tione,
2335 3561 2521 3624 quam
2569 3544 2728 3604 libro
2773 3541 3181 3620 praeiiximuS,
3224 3548 3562 3619 postquam

311 3615 460 3680 olim
490 3619 554 3681 in
591 3619 839 3682 Nuntiis
871 3619 1184 3682 litterariis
1207 3619 1721 3699 Gottingensibus
1742 3623 2004 3686 strictim
2080 3622 2189 3696 ixi,
2223 3623 2360 3714 Jam
2396 3620 2519 3684 alio
2551 3620 2694 3683 loco
2742 3619 2923 3682 latius'
2950 3627 3012 3681 et
3034 3619 3305 3696 ,uberius
3334 3617 3561 3697 dispu-

309 3695 477 3759 tabo.
507 3697 572 3758 In
591 3699 793 3761 verbis
813 3697 1141 3778 scriptoris
1171 3700 1572 3762 recensendis
1605 3700 1686 3762 ab
1716 3702 1997 3765 editione
2034 3702 2324 3782 principe
2361 3695 2701 3772 oxoniensi
2729 3700 2864 3764 Em.
2896 3698 3140 3770 Milleri,
3175 3698 3355 3777 cujus
3425 3696 3561 3775 agi-

310 3789 423 3836 nas
452 3777 684 3856 saepius
719 3794 755 3839 a
792 3777 975 3840 nobis
1009 3777 1071 3839 in
1112 3778 1520 3840 adnotatione
1578 3778 1856 3842 laudatas
1898 3781 2307 3860 signavimus,
2370 3787 2666 3858 tanquam
2716 3794 2750 3840 a
2802 3776 3216 3839 fundamento
3257 3792 3373 3855 pro
3404 3775 3558 3847 ecti,

309 3869 709 3943 quincunque
744 3855 821 3925 ad
867 3861 1106 3918 textum
1162 3856 1632 3919 emendandum
1666 3875 1702 3920 a
1749 3860 1953 3939 primo
2028 3860 2273 3924 editore
2340 3857 2743 3921 meritissimo
2813 3855 3077 3933 aliisque
3140 3854 3286 3914 viris
3361 3853 3563 3914 doctis

307 3931 498 4071 §inter
522 3949 682 4012 quos
711 3935 1142 4014 Bernaysium.
1179 3936 1587 4010 Bunsenium,
1645 3938 2010 4015 Roeperum,
2065 3941 2143 4000 R.
2208 3937 2489 4000 Scottum
2559 3939 2734 4012 grato
2793 3934 3004 3994 animo
3048 3928 3333 4019 nomino)
3363 3929 3458 3990 vel
3496 3930 3561 3990 in

333 4009 483 4073 ibris
531 4011 715 4075 editis
772 4013 1072 4077 universo
1113 4013 1248 4075 orbi
1299 4014 1571 4075 litterato
1613 4015 1869 4092 publice
1919 4016 2381 4084 commendata,
2451 4012 2547 4073 vel
2592 4009 3055 4073 consuetudine
3118 4023 3248 4069 sive
3310 4023 3560 4069 sermo-

309 4087 406 4152 nis
436 4089 563 4153 sive
595 4089 940 4156 litterarum
992 4090 1175 4152 nobis
1217 4090 1506 4169 privatim
1539 4092 1858 4168 proposita
1896 4101 2065 4163 sunt,
2098 4091 2432 4168 diligenter
2495 4086 3012 4150 examinavimus.
3051 4087 3359 4147 Proeterea
3385 4103 3561 4147 sum-

309 4181 473 4232 mam
521 4167 812 4234 dedimus
867 4185 1152 4248 operam,
1232 4173 1304 4228 ut
1353 4167 1587 4240 fontes,
1626 4184 1705 4228 ex
1749 4169 1984 4247 quibus
2033 4176 2257 4232 auctor
2316 4173 2534 4230 noster
2590 4164 2821 4237 hausit,
2864 4163 3224 4241 indagando
3278 4169 3340 4226 et
3380 4181 3558 4226 com-

307 4247 590 4326 parando
658 4246 986 4329 ipsiusque
1058 4245 1242 4306 verba
1290 4244 1457 4306 inter
1489 4261 1560 4306 se
1620 4245 2015 4307 conserendo
2046 4253 2108 4307 et
2141 4263 2351 4308 veram
2390 4245 2531 4324 ejus
2556 4243 2937 4305 sententiam
2967 4242 3381 4322 explorando,
3413 4258 3559 4304 ora-

312 4323 552 4385 tionem
571 4323 648 4387 ad
681 4325 948 4389 nativam
987 4341 1162 4386 suam
1190 4323 1509 4384 veritatem
1544 4329 1735 4402 atque
1771 4323 2199 4386 sinceritatem
2227 4339 2691 4387 revocaremus.
2728 4323 3032 4384 sexcenta
3060 4321 3249 4399 igitur
3270 4318 3559 4382 librario-

316 4418 455 4464 rum
510 4403 759 4474 menda,
801 4403 1031 4483 quibus
1085 4400 1435 4464 innumeris
1489 4397 1651 4463 liber
1688 4402 1987 4476 scatebat,
2038 4401 2402 4466 sustulimus
2452 4399 2669 4463 multa.
2731 4417 2808 4462 ue
2847 4401 3102 4464 lacunas
3147 4397 3559 4479 explevimus,

318 4477 866 4542 emendationibus
913 4496 1136 4561 parum
1183 4481 1370 4543 certis
1401 4477 1498 4541 vel
1534 4479 1612 4542 ad
1656 4485 1838 4542 notas
1885 4480 2200 4560 relegatis,
2245 4480 2342 4542 vel
2372 4480 2665 4543 versione
2752 4479 2918 4542 atina
2962 4477 3346 4554 significatis,
3389 4473 3564 4565 locos

311 4573 461 4619 vero
504 4556 664 4622 ultra
706 4575 882 4640 spem
931 4558 1145 4621 salutis
1189 4565 1518 4639 corruptos
1553 4558 1821 4622 intactos
1867 4559 2229 4640 relinquere
2275 4576 2463 4641 quam
2517 4557 2899 4622 emendandi
2942 4554 3225 4638 periculo
3273 4555 3564 4637 cupidius

309 4633 600 4699 faciendo
625 4637 1028 4718 pessumdare
1057 4635 1413 4700 maluimus.

387 4711 780 4804 Versionem,
810 4717 990 4795 cujus
1021 4724 1336 4796 postrema
1369 4733 1514 4795 pars
1549 4716 1702 4779 inde
1736 4734 1772 4780 a
1804 4715 1964 4779 libro
2005 4716 2275 4798 septimo
2323 4723 2599 4780 exeunte
2638 4722 2781 4798 post
2828 4712 3287 4778 Schneidewini
3320 4711 3561 4801 obitum

310 4809 345 4855 a
387 4810 489 4856 me
535 4792 674 4857 solo
725 4795 1018 4857 confecta
1069 4801 1183 4867 est,
1218 4802 1511 4874 tanquam
1555 4796 1995 4858 commentarii
2029 4795 2171 4858 loco
2210 4796 2409 4858 textui
2466 4794 2934 4877 adjungendam
2989 4809 3127 4855 esse
3173 4805 3560 4861 censuimus,

309 4870 583 4952 ideoque
605 4873 827 4936 nonin
853 4889 931 4936 eo
955 4873 1351 4954 potissimum
1377 4873 1816 4948 laboravimus,
1842 4881 1911 4937 ut
1931 4874 2272 4952 eleganter,
2307 4874 2415 4937 sed
2449 4880 2517 4936 ut
2548 4882 2839 4938 accurate
2866 4879 2928 4935 et
2948 4872 3025 4934 ad
3050 4870 3309 4932 verbum
3346 4868 3563 4928 Groeca

311 4952 809 5016 transferremus.
847 4952 1297 5016 adnotationes
1335 4970 1508 5023 vero,
1533 4952 1766 5033 quibus
1805 4953 2035 5016 librum
2071 4954 2585 5036 explanaremus,
2626 4970 2756 5015 non
2808 4950 2929 5014 nisi
2960 4948 3305 5012 rarissimas
3339 4962 3561 5035 asper-

313 5024 530 5116 simus,
570 5030 889 5094 sufficiens
933 5047 1071 5093 esse
1105 5033 1220 5093 rati
1251 5048 1364 5094 eos
1389 5030 1663 5094 auctoris
1704 5031 1902 5096 nostri
1935 5032 2030 5094 vel
2073 5032 2341 5098 aliorum
2370 5031 2769 5113 ‚scriptorum
2797 5031 2976 5095 locos
3007 5025 3311 5099 attulisse,
3341 5042 3453 5103 qui
3482 5022 3563 5084 ad

313 5116 442 5165 rem
474 5103 900 5171 illustrandam
920 5108 1223 5171 facerent.
2906 5143 2921 5156 ·

386 5182 658 5256 Indices,
690 5185 921 5268 quibus
957 5201 1121 5266 opus
1163 5186 1450 5262 inetruxi,
1491 5187 1826 5251 maximam
1863 5196 2103 5269 partem
2150 5207 2297 5256 cura
2340 5198 2533 5271 atque
2574 5188 2825 5251 solertia
2865 5187 2979 5250 viri
3019 5182 3365 5248 doctissimi
3400 5180 3559 5270 Miil-

312 5259 554 5351 deperi,
585 5263 863 5326 doctoris
903 5265 1350 5355 Gottingcnsis,
1387 5266 1567 5345 cujus
1597 5266 1832 5350 optima
1863 5285 2059 5349 opera
2088 5271 2208 5349 jam
2246 5271 2309 5332 in
2344 5267 2893 5351 typographorum
2923 5264 3245 5328 erroribus
3271 5258 3561 5323 notandis

314 5356 406 5402 usi
433 5357 669 5415 sumus,
703 5350 1044 5423 conscripti
1070 5354 1235 5408 sunt.
2782 5353 2789 5362 '

388 5418 752 5482 scribebam
789 5421 1122 5500 Gottingae,
1148 5421 1210 5484 d.
1248 5421 1344 5499 30,
1375 5441 1462 5486 m.
1499 5427 1656 5504 Aug.
1688 5441 1746 5487 a.
1775 5426 2169 5490 MDCCCLIX.
2627 5425 2996 5488 Lunovicus
3032 5415 3411 5482 DUNCKER.

376 5540 459 5612 (a)
493 5537 848 5611 contimtum
874 5538 1102 5610 naletam
1126 5541 1409 5616 Anniam.
1434 5540 1714 5618 sahi-gang
1741 5545 1898 5604 1851.
1940 5544 2125 5604 Stiiek.
2157 5545 2261 5601 152
2289 5575 2357 5587 —
2390 5545 2520 5601 ¹35.
2553 5546 2614 5602 S.
2646 5544 2787 5601 1515
2816 5543 3069 5599 -1550,

369 5649 478 5722 ’,8.
501 5650 550 5701 u
670 5645 760 5716 tyni
779 5649 992 5716 episcopi
1014 5656 1060 5701 et
1101 5650 1336 5717 martyria
1461 5652 1691 5707 mitoneis
1713 5653 1931 5707 ominum
1967 5653 2227 5722 bmnium
2258 5653 2503 5708 librorum
2541 5656 2705 5708 decem
2747 5666 2858 5719 qnoe
2897 5666 2957 5705 ou
3135 5655 3169 5701 t.
3197 5651 3564 5723 Reoenmfum.

315 5715 479 5766 latine
633 5716 761 5769 rard,
786 5717 922 5782 ῃοιᾳε
941 5711 1220 5781 queccrimt
1251 5713 1369 5766 Liui.
1455 5717 1630 5768 tincher
1650 5725 1695 5769 et
1719 5719 1770 5767 F.
1793 5721 1848 5768 G.
1876 5716 2233 5769 Schneidewin.
2253 5717 2559 5780 professores
2580 5714 2922 5776 Gottinqenseat
2990 5713 3234 5765 amiculus
3255 5712 3293 5770 Ι.
3316 5713 3566 5775 Gemma

314 5775 591 5840 sumptibus
613 5776 1012 5828 Dieterirtuanis.
1048 5775 1192 5838 18563
1219 5790 1344 5840 opus
1366 5776 1749 5832 Schneidewino
1781 5779 2016 5830 defuncto
2047 5778 2256 5829 absolvit
2276 5777 2561 5833 Ludovicus
2602 5768 2831 5831 nunt-tter
2854 5784 2905 5830 et
2929 5774 3083 5830 edidit
3105 5788 3233 5828 anno
3256 5773 3395 5825 183⁹.
