3967 6217
221 381 382 434 2757

1425 385 1823 443 tlsszsctELis
1872 387 2101 445 CAPUT
2131 389 2314 446 xmv,

3343 389 3486 447 2753

220 501 480 566 quatuor
516 492 746 564 angulos
786 495 1188 568 propitiatorii,
1225 508 1278 556 et
1312 516 1477 572 super
1528 503 1681 560 basin
1721 520 1819 574 per
1845 516 1892 574 Α
1923 502 2244 574 injustitiam
2265 520 2444 571 suam,
2474 506 2561 562 11.
2591 516 2646 563 et
2677 514 2838 563 erunt
2871 505 2938 561 in
2960 503 3176 560 Sancus
3207 506 3341 560 meis
3378 506 3485 559 mi.-

221 584 555 652 circuitum,
585 589 654 656 Χ
685 597 741 642 et
770 587 1066 660 adsperges
1105 606 1271 663 super
1303 592 1436 649 illud
1465 595 1513 665 ζ,
1539 606 1594 652 et
1624 597 1813 668 expia-

224 676 379 732 bunt
410 676 541 733 illud
567 694 583 746 ς
605 678 698 734 2¹.
722 688 778 736 et
797 691 1012 738 sument
1031 684 1288 750 vitulum,
1315 688 1407 757 qui
1436 703 1536 758 pro
1565 700 1811 760 peccato,

223 778 284 822 et
308 769 668 826 comburetur
694 772 749 827 iu
769 772 889 829 loeo
912 785 1166 846 separato
1184 779 1380 836 domus
1401 789 1554 837 extra
1586 782 1808 840 Sancta.

226 857 326 914 22.
366 857 426 915 Et
455 859 544 916 die
581 865 826 920 seeundo
857 878 1077 924 sument
1113 869 1297 925 haedos
1338 870 1478 929 duos
1520 889 1810 943 caprarum

230 949 358 1006 sine
391 953 604 1011 macula
625 969 730 1027 pro
754 967 996 1028 peccato,
1019 968 1074 1015 et
1096 961 1394 1032 expiabunt
1423 964 1594 1020 altare
1613 1005 1629 1021 .
1662 963 1812 1021 sieut

234 1041 530 1113 expiat-unt
559 1045 617 1101 iu
641 1046 839 1105 vitulo.
878 1048 968 1105 23.
997 1049 1064 1104 Et
1093 1057 1380 1123 postquam
1414 1056 1495 1124 (u)
1526 1055 1809 1113 absolvisti

234 1135 602 1205 expiationem
622 1181 639 1206 ,
691 1137 922 1196 offerent
958 1141 1186 1198 vitulum
1218 1144 1338 1200 sine
1369 1147 1583 1203 macula
1612 1148 1681 1204 de
1708 1148 1808 1205 bo·

233 1223 363 1292 bus,
378 1235 432 1284 et
450 1227 674 1285 arietem
699 1230 818 1288 sine
835 1234 1048 1289 macula
1064 1234 1131 1290 de
1149 1235 1365 1303 ovibus,
1381 1235 1474 1292 24.
1492 1247 1548 1294 et
1564 1238 1808 1297 offeretis

235 1333 428 1375 eoram
463 1320 692 1379 Domino
733 1341 748 1379 z
784 1332 840 1380 et
875 1334 1165 1397 aspergent
1192 1328 1508 1385 sacerdotes
1536 1347 1705 1402 super
1741 1348 1804 1390 ea

237 1407 354 1474 sal,
392 1418 446 1466 et
473 1411 702 1470 offerent
731 1430 793 1470 ea
825 1415 1143 1474 holocausta
1176 1416 1429 1476 Domino.
1461 1420 1553 1477 25.
1587 1419 1803 1492 Septem

236 1498 431 1556 diebus
455 1502 622 1560 facies
658 1503 868 1560 baedum
893 1520 993 1575 pro
1023 1505 1246 1578 peceato
1276 1509 1541 1580 qnotidie,
1586 1518 1641 1566 et
1665 1513 1807 1566 vitu-

235 1591 348 1648 lum
376 1609 442 1651 ex
475 1595 672 1659 bobus.
702 1608 756 1653 et
783 1598 1005 1655 arietem
1026 1614 1093 1656 ex
1118 1599 1312 1656 ovibus
1336 1602 1456 1658 sine
1486 1604 1698 1658 macula
1727 1603 1807 1660 la-

236 1682 382 1738 cient
414 1685 510 1740 26.
557 1697 762 1756 septem
799 1689 994 1747 diebus
1035 1710 1050 1746 z
1099 1699 1154 1747 et
1181 1692 1480 1762 expiabunt
1508 1692 1682 1748 altare
1706 1736 1722 1759 ,
1751 1704 1806 1748 et

239 1774 577 1833 mundabunt
607 1778 760 1844 illud,
793 1793 846 1836 et
869 1781 1172 1852 implebunt
1209 1800 1402 1840 manus
1430 1801 1579 1842 suas.
1612 1786 1702 1841 27.
1735 1789 1802 1854 3⁸(

240 1860 306 1916 Et
353 1870 809 1926 consummabunt
835 1872 952 1930 dies
999 1874 1047 1944 ζ,
1082 1884 1134 1932 et
1162 1876 1268 1931 erit
1295 1893 1324 1932 a
1358 1876 1446 1933 die
1486 1890 1679 1935 octavo
1703 1920 1719 1943 ,
1749 1883 1805 1934 et
1835 1898 1876 1954 B

239 1953 510 2027 deinceps,
539 1958 740 2017 facient
757 1965 1068 2022 sacerdotes
1085 1983 1252 2038 super
1272 1969 1444 2025 altare
1481 1971 1797 2029 holocausta

236 2055 440 2108 vestra,
474 2056 528 2103 et
564 2066 686 2120 quae
713 2051 906 2111 salutis
938 2067 1134 2114 vestrae
1177 2076 1192 2113 t
1240 2068 1293 2114 et
1329 2061 1624 2131 suscipiam
1660 2079 1799 2130 vos,

200 2133 366 2209 ‚dicit
397 2135 661 2196 Dominus
700 2141 985 2201 Dominus.

305 2225 433 2298 Cap.
481 2228 667 2288 XLlV.
696 2264 767 2278 —
811 2236 863 2291 1.
899 2236 966 2293 Et
1010 2242 1278 2299 convertit
1311 2259 1396 2300 me
1441 2262 1606 2316 super
1656 2247 1798 2304 viam

234 2329 403 2389 portae
448 2319 776 2381 Sanctorum
834 2330 1163 2399 exterioris,
1209 2335 1554 2406 respicientis
1607 2354 1799 2397 versus

233 2411 530 2480 orientem,
565 2423 622 2470 et
657 2420 773 2473 baec
803 2428 920 2476 erat
952 2422 1162 2479 clausa.
1202 2424 1260 2481 2.
1311 2426 1378 2483 Et
1422 2429 1559 2486 dixit
1596 2431 1662 2486 ad
1709 2448 1800 2489 me

233 2500 492 2559 Dominus
535 2523 548 2560 ε
577 2505 741 2563 Porta
776 2510 890 2567 liaec
948 2513 1137 2572 clausa
1165 2518 1305 2584 erit,
1339 2535 1447 2578 non
1498 2523 1795 2593 aperietur,

228 2607 329 2649 nec
370 2595 495 2665 quis
542 2598 797 2655 transibit
835 2617 933 2671 per
971 2619 1124 2672 eam,
1168 2609 1297 2678 quia
1339 2611 1607 2671 Dominus
1652 2614 1797 2673 Deus

227 2682 436 2743 israelis
467 2687 801 2757 ingredietur
828 2707 923 2763 per
950 2709 1071 2751 eam
1092 2738 1107 2758 ,
1131 2701 1307 2756 eterit
1332 2703 1543 2760 clausa.
1575 2706 1629 2761 5.
1655 2705 1796 2774 Quia

222 2775 334 2833 dux
360 2780 430 2848 χ(
459 2780 709 2852 princeps
739 2782 853 2854 ipse
892 2787 1100 2844 sedebit
1123 2789 1176 2845 in
1210 2807 1296 2858 ea,
1331 2803 1388 2850 ut
1420 2797 1670 2854 comedat
1696 2815 1796 2870 pa·

219 2881 346 2924 nem
378 2867 562 2927 coram
590 2870 824 2931 Domino
864 2895 878 2931 :
917 2892 1082 2949 super
1109 2881 1248 2937 viam
1284 2884 1362 2956 (x)
1395 2886 1582 2945 AElam
1619 2901 1791 2961 portae

221 2958 577 3030 ingredietur,
614 2973 668 3020 et
713 2982 879 3038 super
915 2971 1058 3028 viam
1094 2974 1215 3044 ejus
1245 2979 1576 3048 egredietur.
1622 2982 1676 3037 4.
1726 2985 1792 3040 Et

217 3050 517 3124 introduxit
541 3071 628 3112 me
658 3060 734 3127 (ει)
762 3075 929 3132 super
954 3063 1094 3121 viam
1123 3078 1314 3137 portae,
1340 3086 1463 3140 quae
1484 3074 1551 3128 ad
1578 3079 1791 3146 aquilo·

215 3158 342 3198 nem
375 3155 564 3204 eontra
605 3148 826 3207 domum
864 3170 880 3208 t
912 3162 970 3209 et
1005 3155 1116 3212 vidi
1139 3198 1155 3224 ,
1182 3169 1237 3215 et
1262 3147 1390 3218 ecce
1418 3166 1576 3234 plena
1603 3168 1791 3238 glorias

1916 594 2233 654 nistrantes.
2272 599 2485 653 ostiarii
2519 612 2684 668 super
2715 597 2887 668 portis
2913 595 3134 660 dumus,
3166 605 3220 650 et
3248 594 3481 650 ministri

1912 681 2098 737 domui
2134 702 2148 739 ε
2199 685 2289 741 isti
2341 687 2703 743 immolabunt
2734 688 3053 743 holocausta
3075 726 3090 754 ,
3120 694 3175 741 et
3214 683 3484 741 sacrificia

1911 776 2134 845 populo,
2160 787 2214 833 et
2245 777 2336 834 isti
2369 780 2590 836 stabunt
2615 789 2742 835 ante
2770 779 3055 850 populum,
3080 785 3139 832 ut
3173 776 3485 831 ministrent

1910 865 2027 931 eis,
2064 867 2152 921 ¹2.
2178 883 2277 938 pro
2308 883 2376 924 eo
2411 869 2557 941 quod
2596 870 2986 927 ministrabant
3022 869 3106 926 eis
3130 876 3256 924 ante
3290 867 3483 922 faciem

1912 955 2182 1011 idolorum
2217 973 2482 1028 suorum;
2510 968 2566 1015 et
2600 960 2804 1017 lactum
2834 969 2919 1017 est
2955 959 3142 1018 domui
3175 957 3391 1015 israelis
3424 956 3481 1011 in

1910 1054 2243 1104 tormentum
2289 1049 2592 1120 injustitias.
2621 1053 2851 1123 Propter
2895 1052 3000 1107 boc
3041 1050 3211 1107 levavi
3253 1064 3477 1105 manum

1910 1153 2087 1192 meam
2132 1153 2302 1210 super
2323 1155 2442 1207 eos,
2478 1141 2611 1196 dicit
2656 1140 2922 1197 Dominus
2965 1141 3138 1207 Deus,
3168 1145 3235 1209 3³(
3261 1148 3315 1195 et
3339 1138 3482 1194 acci·

1907 1227 2057 1298 pient
2084 1228 2426 1299 iniquitatem
2460 1245 2617 1286 suam
2654 1234 2678 1300 2
2713 1251 2728 1286 ε
2777 1231 2868 1287 15.
2897 1241 2952 1287 et
2977 1248 3087 1288 nou
3122 1231 3385 1287 accedent
3409 1229 3478 1284 ad

1907 1327 2016 1383 me,
2070 1325 2130 1372 ut
2165 1318 2475 1374 sacerdotio
2508 1318 2807 1388 fungantur
2833 1320 2966 1375 mihi
2988 1359 3005 1385 ,
3042 1335 3220 1390 neque
3255 1328 3315 1375 ut
3342 1317 3478 1375 ofle-

1906 1415 2031 1462 rant
2062 1409 2128 1464 ad
2154 1410 2338 1465 omnia
2369 1407 2567 1467 Sancta
2609 1424 2673 1466 -t-
2711 1409 2948 1466 flliorum
2971 1409 3189 1466 israelis
3216 1412 3265 1480 2,
3288 1425 3387 1465 nce
3409 1407 3480 1464 ad

1906 1498 2107 1555 Sancta
2140 1500 2470 1557 Sanctorum
2516 1516 2764 1557 meorum
2804 1519 2818 1555 t
2853 1510 2907 1557 et
2942 1501 3213 1572 accipient
3242 1500 3477 1571 ignomi-

1903 1590 2054 1646 niam
2084 1606 2239 1647 suam
2264 1591 2319 1647 iu
2338 1607 2545 1655 errore,
2568 1608 2679 1663 quo
2703 1599 2980 1648 errarunt.
3007 1592 3092 1646 14.
3123 1591 3192 1663 (c)
3220 1590 3286 1646 Et
3303 1590 3476 1645 dedu-

1902 1689 2032 1737 cent
2054 1697 2168 1750 eos,
2208 1693 2264 1739 ut
2304 1683 2618 1739 custodiant
2644 1683 2922 1740 custodias
2954 1682 3153 1738 domus
3199 1681 3253 1736 iu
3288 1680 3473 1735 omnia

1903 1788 2066 1845 opera
2096 1773 2218 1844 ejus
2242 1814 2258 1838 ,
2293 1783 2348 1830 et
2389 1776 2444 1830 in
2476 1776 2657 1831 omnia
2687 1790 2808 1846 quae
2834 1774 3064 1831 fecerint
3091 1774 3146 1829 in
3177 1787 3240 1829 ea
3270 1773 3354 1828 15.
3382 1785 3473 1826 sa-

1908 1866 2155 1923 cerdotes
2198 1866 2277 1936 (d)
2309 1866 2510 1924 Levitae
2560 1868 2655 1923 lilii
2679 1866 2897 1923 Saddnc
2927 1908 2942 1930 ,
2977 1865 3071 1936 qui
3102 1862 3486 1920 custodierunt

1907 1956 2188 2013 custodias
2216 1956 2543 2015 Sanctorum
2572 1973 2817 2014 meorum
2844 1997 2860 2022 ,
2909 1972 3033 2012 cum
3060 1954 3476 2011 erraretdomus

1902 2043 2124 2103 Israelis
2157 2062 2189 2102 a
2221 2063 2310 2103 me
2357 2067 2371 2104 ε
2402 2048 2459 2104 bi
2505 2049 2763 2105 accedent
2791 2049 2857 2104 ad
2896 2063 2985 2104 me
3014 2089 3030 2114 ,
3065 2057 3127 2102 ut
3168 2042 3484 2101 ministrent

1904 2138 2062 2205 mihi,
2094 2147 2150 2194 et
2174 2139 2401 2196 stabunt
2420 2155 2607 2196 eoram
2634 2140 2773 2197 faeie
2808 2156 2925 2198 mea
2947 2180 2963 2205 ,
2995 2150 3055 2196 ut
3079 2137 3311 2194 offerant
3339 2131 3476 2191 mini
3547 2178 3551 2181 ,

1903 2241 1967 2284 -t·
2001 2229 2333 2287 sacrificium
2375 2232 2700 2302 2,-adipem,
2734 2240 2791 2288 et
2826 2232 3167 2304 sanguinem,
3196 2229 3331 2287 dicit
3365 2226 3477 2283 Do·

1900 2318 2086 2377 minus
2108 2320 2273 2377 Deus.
2298 2321 2385 2376 16.
2421 2320 2512 2377 lsti
2548 2322 2922 2393 ingredientur
2942 2322 2995 2377 in
3015 2321 3215 2378 Sancta
3237 2333 3380 2385 mea,
3421 2326 3478 2374 et

1899 2408 1991 2466 isti
2019 2410 2393 2482 ingredientur
2438 2411 2507 2467 ad
2544 2427 2788 2469 mensam
2824 2427 3000 2469 meam
3026 2453 3041 2477 ,
3070 2420 3132 2468 ut
3163 2410 3475 2466 ministrent

1898 2501 2056 2567 mihi,
2079 2512 2138 2559 et
2161 2503 2474 2560 custodient
2494 2505 2772 2559 custodias
2801 2518 2974 2562 meas.
2994 2504 3082 2559 17.
3112 2502 3178 2559 Et
3200 2502 3324 2567 erit,
3346 2516 3472 2558 cum

1897 2592 2282 2665 ingrediuntur
2308 2605 2497 2668 portas
2524 2597 2652 2652 atrii
2694 2596 2972 2653 interioris
2994 2636 3012 2663 ,
3053 2596 3225 2653 stolas
3251 2594 3351 2651 lini
3383 2594 3469 2650 iu-

1894 2684 2100 2752 duent,
2135 2701 2246 2742 uon
2285 2685 2520 2745 induent
2564 2687 2742 2745 lanam
2773 2732 2789 2756 ,
2824 2688 3048 2760 quando
3082 2687 3391 2745 ministrant
3438 2700 3472 2742 a

1893 2789 2051 2846 porta
2104 2778 2230 2833 atrii
2275 2777 2587 2846 interioris,
2617 2788 2671 2835 et
2701 2782 2769 2848 35<
2811 2778 3206 2850 intrinsecust.
3265 2777 3356 2834 18.
3394 2774 3467 2848 (ε)

1892 2869 2123 2927 Cidares
2168 2870 2268 2925 lini
2315 2878 2479 2927 erunt
2525 2871 2606 2926 eis
2654 2887 2818 2943 super
2846 2871 3117 2943 capitibus
3149 2883 3338 2926 eorum
3366 2910 3382 2935 ,
3417 2878 3476 2925 et

1890 2963 2234 3035 subligacula
2274 2964 2372 3019 lini
2402 2971 2565 3020 erunt
2601 2964 2682 3020 eis
2713 2980 2879 3035 super
2914 2964 3116 3020 lumbis
3149 2978 3339 3019 eorum
3368 3004 3384 3027 ,
3415 2970 3470 3016 et

1893 3068 2003 3109 nou
2032 3068 2091 3110 se
2115 3054 2399 3125 accingent
2427 3055 2493 3128 (s)
2533 3056 2818 3113 violenter.
2853 3057 2938 3112 19.
2975 3054 3040 3110 Et
3060 3055 3280 3126 quando
3308 3070 3467 3123 egre-

1891 3145 2116 3200 diuntur
2145 3147 2201 3201 in
2235 3147 2433 3203 atrium
2463 3150 2707 3203 exterius
2752 3149 2819 3202 ad
2854 3147 3138 3218 populum,
3174 3161 3233 3202 se
3267 3152 3468 3200 exuent

213 3233 435 3293 Domini
458 3238 654 3297 domus
671 3240 885 3301 Domini
918 3256 1007 3303 :01
1027 3250 1163 3304 cado
1179 3267 1342 3321 snper
1366 3254 1558 3312 faciem
1583 3274 1784 3317 meam·
1815 3237 1862 3298 C
1893 3238 2051 3293 stolis
2074 3237 2220 3302 suis,
2251 3239 2307 3293 in
2338 3238 2541 3309 quibus
2569 3238 2889 3294 ministrant
2922 3239 2977 3292 iu
3009 3238 3090 3293 eis
3114 3280 3129 3304 ‚
3165 3245 3220 3292 et
3262 3247 3467 3307 ponent

207 3325 273 3383 5.
307 3326 371 3384 Et
398 3330 536 3386 dixit
558 3332 820 3391 Dominus
844 3339 912 3394 ad
953 3355 1042 3396 me
1073 3360 1088 3399 ε
1121 3342 1223 3398 Fili
1258 3344 1526 3411 hominis,
1559 3350 1787 3422 dispone

209 3422 275 3476 ln
306 3430 578 3479 cortuum
599 3465 615 3490 ,
668 3436 723 3482 et
751 3430 874 3485 vide
911 3434 1088 3487 oculis
1121 3435 1231 3494 tuis
1254 3477 1269 3500 ,
1302 3446 1358 3493 et
1405 3441 1630 3498 auribus
1677 3446 1785 3502 tuis

206 3508 341 3564 audi
378 3512 584 3578 omnia,
632 3532 754 3584 quae
781 3533 883 3589 ego
907 3520 1106 3591 loquor
1133 3540 1256 3582 eum
1295 3536 1348 3584 te
1377 3531 1450 3600 (ι)
1483 3536 1782 3594 secundum

208 3599 399 3654 omnia
431 3614 694 3674 praecepta
724 3607 924 3667 domus
966 3611 1201 3684 Domini,
1236 3627 1291 3674 et
1326 3623 1508 3679 omnia
1540 3625 1782 3698 legitima

205 3689 355 3760 elus.
388 3691 454 3747 Et
480 3695 739 3766 dispones
765 3711 1037 3760 cortuum
1063 3705 1119 3762 in
1144 3709 1427 3770 introitum
1462 3715 1660 3776 domus
1688 3736 1778 3777 se·

203 3782 448 3839 cundum
485 3800 675 3845 omnes
699 3791 876 3848 exitus
905 3793 1026 3864 eius
1045 3837 1059 3860 ,
1088 3810 1138 3854 et
1163 3800 1218 3856 in
1249 3804 1506 3864 omnibus
1534 3808 1775 3869 Sanctis.

199 3871 265 3928 6.
299 3871 362 3928 Et
387 3875 536 3932 dices
565 3892 624 3934 -t-
662 3880 729 3935 ad
751 3882 974 3941 domum
1012 3888 1366 3958 :irritantem
1395 3935 1412 3961 ,
1451 3899 1518 3953 ad
1554 3900 1776 3960 domum

197 3963 420 4021 lerneus
439 3985 453 4021 z
475 3965 599 4025 llaec
622 3971 1027 4034 dieitDominus
1046 3978 1309 4041 Dominus
1336 3985 1606 4047 :Sufficiat
1623 3994 1778 4051 vobis

197 4054 278 4110 de
308 4058 562 4116 omnibus
594 4061 978 4134 iniquitatibus
1009 4072 1207 4127 vestris
1229 4116 1244 4138 ,
1297 4075 1498 4134 domus
1537 4079 1773 4153 Israelis,

197 4143 260 4199 7.
295 4161 360 4202 eo
388 4150 533 4218 qiiod
569 4152 826 4212 inducitis
868 4157 1011 4214 lilios
1040 4159 1372 4234 alienigenas
1410 4184 1516 4224 non
1543 4172 1779 4231 circum·

197 4236 352 4291 cisos
389 4242 574 4304 corde,
625 4253 678 4298 et
719 4262 825 4300 non
852 4249 1209 4307 circumcisos
1246 4270 1412 4310 carne
1434 4294 1449 4318 ‚
1484 4267 1546 4314 ut
1578 4261 1690 4316 sint
1722 4264 1776 4319 in

198 4324 422 4382 Sanctis
457 4329 616 4394 meis,
641 4342 695 4386 et
723 4334 1089 4403 profanabant
1115 4357 1202 4407 ea,
1237 4357 1361 4398 eum
1385 4344 1594 4403 offertis
1611 4363 1778 4418 panes

199 4428 360 4469 meos
386 4457 402 4482 ,
435 4416 648 4487 adipem
677 4462 692 4484 ,
720 4428 776 4475 et
802 4425 1120 4492 sangninem
1153 4443 1168 4481 z
1203 4439 1258 4485 et
1287 4435 1614 4501 transgressi
1642 4438 1776 4494 estis

197 4512 589 4561 testamentum
643 4522 825 4563 meum
872 4510 928 4564 in
959 4515 1216 4572 omnibus
1266 4518 1646 4591 iniquitatibus
1682 4542 1776 4583 ve-

1891 3342 1987 3385 eas
2018 3329 2074 3384 in
2102 3329 2319 3386 exedris
2349 3330 2683 3384 Sanctorum
2711 3371 2727 3395 ,
2751 3338 2805 3384 et
2829 3328 3057 3384 induent
3090 3328 3260 3382 stolas
3292 3327 3427 3382 alias
3446 3365 3462 3388 .

1888 3429 1943 3476 et
1969 3420 2045 3492 (9)
2077 3435 2184 3476 non
2211 3420 2630 3482 sanctificabunt
2661 3417 2919 3491 populum
2943 3420 2996 3475 iu
3022 3420 3179 3476 stolis
3208 3419 3343 3474 suis-
3369 3417 3464 3473 20.

1887 3512 1956 3565 Et
1990 3512 2171 3582 capita
2229 3527 2327 3568 sua
2361 3526 2472 3567 uon
2516 3511 2777 3576 tondent,
2814 3520 2869 3567 et
2905 3510 3131 3582 capillos
3178 3525 3309 3566 suos
3356 3523 3463 3563 nou

1887 3604 2114 3668 radent,
2144 3603 2393 3674 operient
2423 3604 2603 3674 capita
2629 3617 2751 3660 sua.
2788 3603 2878 3658 2¹.
2908 3602 2974 3659 Et
3011 3602 3201 3657 vinum
3234 3615 3344 3657 non
3376 3599 3462 3655 bi-

1884 3694 2021 3752 bent
2037 3695 2219 3751 omnis
2237 3695 2516 3761 sacerdoS,
2543 3694 2764 3766 quaudo
2786 3695 3166 3765 ingrediuntur
3188 3695 3241 3750 in
3264 3694 3460 3750 atrium

1883 3786 2131 3842 interius.
2165 3786 2254 3841 22.
2281 3784 2347 3843 Et
2376 3787 2618 3852 viduam,
2646 3794 2700 3842 et
2725 3788 3066 3857 repudiatam
3100 3800 3210 3841 non
3243 3793 3462 3841 sument

1881 3875 1984 3931 sibi
2012 3876 2067 3930 in
2098 3892 2318 3944 uxores,
2350 3878 2441 3933 sed
2466 3877 2731 3948 virginem
2759 3893 2789 3932 e
2822 3878 3030 3930 semine
3060 3877 3258 3931 domus
3289 3874 3462 3930 lsrae-
3532 3945 3537 3952 ι

1882 3966 1951 4022 lis
1981 3983 1995 4019 ε
2038 3974 2093 4023 et
2122 3967 2363 4032 viduam,
2399 3969 2445 4022 si
2480 3968 2645 4023 suerit
2679 3971 2745 4035 χ(
2784 3968 2944 4020 vidua
2991 3966 3013 4033 ζ
3047 3967 3114 4019 de
3150 3966 3458 4026 sacerdote,

1882 4068 2124 4114 sument.
2155 4059 2248 4112 23.
2277 4058 2342 4114 Et
2370 4061 2631 4129 populum
2661 4073 2844 4112 meum
2870 4059 3141 4111 docebunt
3173 4061 3310 4112 inter
3332 4073 3461 4113 san-

1880 4156 2029 4204 ctum
2062 4156 2116 4204 et
2141 4148 2430 4218 profanum
2458 4190 2473 4214 ,
2505 4158 2561 4203 et
2596 4150 2736 4202 inter
2766 4163 2878 4204 non
2925 4149 3188 4204 mundum
3216 4159 3271 4203 et
3302 4164 3460 4204 mun*-

1880 4237 2012 4293 dum
2059 4237 2341 4307 cognitum
2381 4237 2581 4294 sacient
2625 4240 2728 4295 εἰς.
2762 4238 2855 4293 24.
2895 4237 2961 4293 Et
2992 4239 3058 4294 de
3087 4240 3299 4310 jndicio
3333 4255 3460 4295 san·

1878 4330 2061 4402 guinis
2084 4330 2185 4401 ipsi
2212 4330 2433 4386 stabunt
2462 4331 2528 4387 ad
2557 4330 2977 4388 discernendum
3004 4350 3016 4386 :
3038 4331 3458 4402 justificationes

1879 4435 2035 4478 meas
2069 4422 2537 4493 -t-justilicabunt
2576 4426 2624 4495 ζ,
2654 4433 2707 4479 et
2729 4424 2937 4495 judicia
2971 4439 3086 4480 mea
3107 4425 3453 4495 judicabunt.

1880 4519 1935 4568 et
1973 4512 2213 4584 legitima
2252 4531 2371 4571 mea
2398 4556 2413 4579 ,
2444 4525 2499 4573 et
2538 4525 2806 4587 praeeepta
2839 4531 2959 4572 mea
2990 4517 3042 4571 in
3074 4517 3329 4572 omnibus
3363 4531 3455 4571 so·
3492 4501 3508 4564 ἔ

197 4593 351 4658 stris,
372 4594 425 4649 8.
455 4597 524 4665 3⁸(
550 4605 603 4652 et
630 4612 733 4654 non
761 4600 1097 4658 custodiistis
1118 4607 1422 4665 custodiam
1446 4609 1773 4672 Sanctorum
1807 4567 1852 4624 D
1878 4603 2238 4661 lenuitatibus
2267 4608 2402 4664 meis
2436 4608 2765 4674 custodient,
2797 4618 2850 4663 et
2872 4609 3098 4665 sabbata
3141 4626 3258 4665 mezi
3291 4625 3454 4666 sauc-

193 4696 444 4741 meorum

496 4685 546 4756 ξ,
584 4696 639 4743 et
674 4686 1022 4759 disposuistis
1051 4695 1329 4752 custodire
1377 4701 1654 4758 custodias
1713 4704 1770 4759 in
1871 4695 2176 4752 tisicabuut.
2205 4698 2296 4753 25.
2329 4698 2395 4753 Et
2415 4716 2580 4771 super
2609 4700 2848 4755 animam
2872 4700 3112 4756 bominis
3138 4716 3242 4756 uon
3268 4700 3453 4770 ingre·-

198 4770 415 4832 Sanctis
459 4778 618 4835 meis.
663 4781 717 4838 9.
762 4778 992 4852 Propter
1020 4783 1124 4841 boc
1165 4785 1282 4844 haec
1317 4788 1453 4846 dicit
1503 4790 1768 4850 Dominus
1867 4787 2107 4854 dicutur,
2134 4788 2202 4844 ad
2228 4790 2579 4860 9⁰¹¹¹¹e⁸¹d⁰¹¹¹
2604 4808 2683 4859 ⁵2.
2709 4792 2801 4849 sed
2821 4807 2983 4861 super
3007 4801 3178 4862 patre,
3212 4800 3266 4846 ct
3288 4805 3455 4856 suver

197 4861 462 4922 Dominus
494 4881 512 4924 t
545 4870 737 4928 Omnis
767 4872 911 4930 lilius
937 4874 1243 4947 alienigena
1272 4877 1351 4953 (a)
1387 4896 1498 4938 non
1521 4881 1766 4942 circum·
1862 4889 2058 4945 matre,
2084 4891 2138 4937 et
2163 4897 2324 4953 super
2351 4883 2482 4949 lilio,
2508 4893 2563 4940 et
2591 4899 2756 4955 super
2782 4884 2889 4938 lilia
2916 4924 2932 4950 ,
2963 4893 3017 4939 et
3051 4897 3217 4953 super
3250 4882 3441 4948 fratre,

194 4950 350 5007 cisus
375 4956 557 5022 eorde,
581 4976 682 5017 nec
703 4963 1062 5022 circumcisus
1088 4982 1272 5034 earne,
1298 4986 1406 5028 uon
1431 4970 1763 5043 ingredietur
1867 4978 1922 5027 et
1939 4986 2102 5042 super
2128 4988 2314 5030 sorore
2338 4990 2455 5036 sua.
2476 4991 2596 5046 quae
2619 4991 2725 5031 uon
2744 4974 2843 5030 fuit
2859 4974 2976 5031 viro
2994 5013 3009 5040 ‚
3028 4989 3087 5030 se
3105 4974 3328 5044 polluet.
3350 4975 3445 5029 2⁶.

189 5036 256 5092 in
286 5039 484 5102 Sancta
513 5063 632 5103 mea
660 5050 717 5106 in
742 5055 1001 5112 omuibus
1034 5057 1161 5114 liliis
1186 5060 1636 5131 alienigenarum,
1666 5065 1761 5135 qui

190 5143 329 5192 sunt
359 5135 415 5191 in
447 5137 630 5195 medio
674 5140 871 5199 domus
896 5144 1142 5212 lsraclis,
1175 5149 1263 5205 10.
1307 5149 1382 5220 (h)
1417 5151 1509 5207 sed
1543 5152 1762 5224 Levitae,

192 5331 449 5378 errarunt
473 5321 499 5393 ζ
524 5338 558 5379 a
579 5339 666 5381 me
694 5334 820 5396 post
850 5328 1205 5394 cogitationes
1234 5348 1388 5400 suas,
1415 5344 1470 5392 et
1499 5338 1764 5410 accipient

193 5534 272 5606 (ὕ)

1872 5061 1934 5120 Et
1957 5074 2243 5136 postquam
2264 5068 2557 5123 mundatus
2580 5065 2763 5133 fuerit,
2779 5075 2983 5137 septem
3001 5065 3119 5122 dies
3140 5065 3453 5121 numerabit

1869 5156 1988 5227 ipse
2019 5158 2146 5213 sibi.
2179 5158 2269 5213 27.
2304 5160 2369 5215 Et
2388 5158 2476 5215 die
2499 5175 2609 5229 quo
2641 5158 2981 5230 ingrediatur
3007 5160 3075 5228 ³<
3102 5157 3156 5212 in
3188 5155 3426 5212 Sanetus

189 5227 291 5297 qui
325 5241 668 5289 recesserunt
693 5249 723 5289 a
764 5249 881 5302 me,
917 5252 1041 5293 eum
1072 5251 1281 5297 erraret
1323 5240 1485 5299 lsrael
1514 5284 1529 5310 ,
1564 5249 1631 5317 χ
1668 5252 1762 5320 qui
1868 5249 2013 5304 rium

2069 5250 2094 5319 ζ
2148 5251 2202 5305 in
2242 5253 2442 5307 atrium
2488 5251 2760 5315 interius,
2803 5251 2870 5306 ad
2922 5249 3345 5305 ministrandum
3392 5247 3445 5302 iu

1871 5340 2096 5407 Sancto,
2120 5343 2305 5399 oll'cret
2328 5344 2717 5416 expiationem,
2738 5343 2870 5399 dicit
2891 5341 3153 5398 Dominus
3175 5340 3251 5413 (li)
3277 5339 3445 5405 Deus,

265 5464 341 5590 (ορ
361 5464 494 5521 Com
532 5466 642 5551 leta
674 5476 806 5553 est..
855 5469 933 5543 (z)
955 5473 1040 5556 83,
1060 5477 1335 5537 vestibuli.
1377 5480 1667 5554 (y)S.‚per
1683 5485 1847 5542 viam.
1890 5486 1963 5556 (z)
1985 5487 2068 5554 8.,
2093 5487 2180 5544 de.
2222 5488 2302 5611 ’Q
2327 5487 2412 5556 S.,
2434 5504 2540 5544 non
2559 5503 2729 5560 purus
2744 5487 2927 5552 corde,
2943 5500 3045 5542 nec
3065 5498 3443 5557 puruscarne·

344 5573 383 5602 .,
415 5546 471 5590 et
543 5547 698 5594 evitae
719 5556 890 5606 euim,
925 5559 1019 5613 qni
1048 5547 1236 5616 procul
1269 5547 1492 5607 tuerunt
1519 5569 1549 5609 a
1577 5570 1683 5621 me,
1724 5571 1850 5612 cum
1874 5566 2124 5613 errarent
2164 5559 2257 5613 filu

2307 5560 2521 5624 sraelis,
2552 5559 2645 5631 qui
2697 5567 2953 5612 errarunt
2973 5571 3000 5610 a
3031 5572 3138 5618 me.
3174 5563 3232 5610 ut
3259 5554 3447 5619 adbae-

191 5615 472 5661 rescei·ent
495 5605 659 5664 idolis
689 5610 828 5678 suiS,
853 5614 1122 5684 accipient
1151 5616 1489 5686 iniquitatem
1522 5639 1700 5683 suam.
1782 5625 1853 5709 (c)
1877 5627 1966 5694 S.,
1994 5627 2237 5698 disposui
2280 5644 2377 5684 eos
2402 5629 2549 5684 enim
2606 5626 2863 5684 custodes
2907 5627 3172 5682 custodiae
3220 5627 3437 5680 domus.

189 5675 273 5743 (d)
302 5675 518 5732 Autem.

602 5679 672 5749 (e)
707 5679 789 5745 S.,
830 5694 1154 5741 ornamenta
1186 5685 1282 5743 lini
1326 5701 1508 5747 erunt.
1584 5695 1652 5765 (Ῑ)
1703 5694 1785 5760 8.,
1837 5713 1891 5751 m
1931 5697 2151 5753 sudore.

2230 5698 2305 5766 (q)
2339 5698 2423 5765 S.,
2483 5715 2590 5753 nou
2649 5704 2831 5762 erunt,
2877 5695 3282 5752 sanctificantes
3314 5709 3442 5749 cum

189 5754 340 5808 sunt,
368 5751 716 5830 cum-populo
749 5753 802 5808 iu
834 5753 1170 5814 vestimentis
1195 5759 1572 5836 saecularibus,
1595 5781 1695 5823 nec
1725 5767 1989 5838 capillum
2025 5769 2359 5839 relinquent,
2420 5771 2513 5827 sed
2567 5766 2810 5827 radendo
2869 5767 3058 5824 radent
3103 5765 3283 5835 capita
3317 5779 3445 5824 sua.

193 5813 275 5879 ui)
299 5813 535 5875 Adonai.
