<?xml version="1.0" encoding="UTF-8"?>
<!DOCTYPE html PUBLIC "-//W3C//DTD XHTML 1.0 Transitional//EN"
    "http://www.w3.org/TR/xhtml1/DTD/xhtml1-transitional.dtd">
<html xmlns="http://www.w3.org/1999/xhtml" xml:lang="en" lang="en">
 <head>
  <title>
</title>
<meta http-equiv="Content-Type" content="text/html;charset=utf-8" />
  <meta name='ocr-system' content='tesseract 3.04.00' />
  <meta name='ocr-capabilities' content='ocr_page ocr_carea ocr_par ocr_line ocrx_word'/>
</head>
<body>
  <div class='ocr_page' id='page_1' title='image "./patrologicursus115migngoog_0197.png"; bbox 0 0 3967 6217; ppageno 0'>
   <div class='ocr_carea' id='block_1_1' title="bbox 122 250 209 307">
    <p class='ocr_par' dir='ltr' id='par_1_1' title="bbox 122 250 209 307">
     <span class='ocr_line' id='line_1_1' title="bbox 122 250 209 307; baseline 0.011 -1"><span class='ocrx_word' id='word_1_1' title='bbox 122 250 209 307; x_wconf 69' lang='lat'><strong>35</strong></span> 
     </span>
    </p>
   </div>
   <div class='ocr_carea' id='block_1_2' title="bbox 1385 253 2237 319">
    <p class='ocr_par' dir='ltr' id='par_1_2' title="bbox 1385 253 2237 319">
     <span class='ocr_line' id='line_1_2' title="bbox 1385 253 2237 319; baseline 0.008 -7"><span class='ocrx_word' id='word_1_2' title='bbox 1385 253 1797 312; x_wconf 64' lang='lat' dir='ltr'><strong>nsszsscttsshts</strong></span> <span class='ocrx_word' id='word_1_3' title='bbox 1827 255 2056 314; x_wconf 63' lang='lat' dir='ltr'><strong>CAPUT</strong></span> <span class='ocrx_word' id='word_1_4' title='bbox 2096 259 2237 319; x_wconf 74' lang='lat' dir='ltr'><strong>XlV.</strong></span> 
     </span>
    </p>
   </div>
   <div class='ocr_carea' id='block_1_3' title="bbox 3223 252 3364 308">
    <p class='ocr_par' dir='ltr' id='par_1_3' title="bbox 3223 252 3364 308">
     <span class='ocr_line' id='line_1_3' title="bbox 3223 252 3364 308; baseline 0 -1"><span class='ocrx_word' id='word_1_5' title='bbox 3223 252 3364 308; x_wconf 70' lang='lat'><strong>2:06</strong></span> 
     </span>
    </p>
   </div>
   <div class='ocr_carea' id='block_1_4' title="bbox 30 371 3363 542">
    <p class='ocr_par' dir='ltr' id='par_1_4' title="bbox 30 371 3363 542">
     <span class='ocr_line' id='line_1_4' title="bbox 30 371 3363 474; baseline 0.006 -53"><span class='ocrx_word' id='word_1_6' title='bbox 30 371 62 474; x_wconf 49' lang='lat' dir='ltr'><strong>J·</strong></span> <span class='ocrx_word' id='word_1_7' title='bbox 85 375 492 443; x_wconf 53' lang='lat' dir='ltr'><strong>irrumpatur</strong></span> <span class='ocrx_word' id='word_1_8' title='bbox 521 384 667 432; x_wconf 85' lang='lat' dir='ltr'><strong>terra</strong></span> <span class='ocrx_word' id='word_1_9' title='bbox 700 393 823 433; x_wconf 89' lang='lat' dir='ltr'><strong>cnm</strong></span> <span class='ocrx_word' id='word_1_10' title='bbox 855 378 1191 447; x_wconf 84' lang='lat' dir='ltr'><strong>plenitudine</strong></span> <span class='ocrx_word' id='word_1_11' title='bbox 1221 380 1372 451; x_wconf 83' lang='lat' dir='ltr'><strong>ejus;</strong></span> <span class='ocrx_word' id='word_1_12' title='bbox 1401 383 1454 435; x_wconf 93' lang='lat' dir='ltr'><strong>in</strong></span> <span class='ocrx_word' id='word_1_13' title='bbox 1493 378 1678 448; x_wconf 86' lang='lat' dir='ltr'><strong>impie·-</strong></span> <span class='ocrx_word' id='word_1_14' title='bbox 1709 379 1755 434; x_wconf 76' lang='lat' dir='ltr'>A</span> <span class='ocrx_word' id='word_1_15' title='bbox 1781 376 1994 433; x_wconf 71' lang='lat' dir='ltr'><strong>Adonai</strong></span> <span class='ocrx_word' id='word_1_16' title='bbox 2032 378 2313 436; x_wconf 79' lang='lat' dir='ltr'><strong>Dominus.</strong></span> <span class='ocrx_word' id='word_1_17' title='bbox 2356 377 2441 434; x_wconf 87' lang='grc'><strong>10.</strong></span> <span class='ocrx_word' id='word_1_18' title='bbox 2477 375 2580 430; x_wconf 85' lang='lat' dir='ltr'><strong>Pro</strong></span> <span class='ocrx_word' id='word_1_19' title='bbox 2609 391 2674 429; x_wconf 89' lang='lat' dir='ltr'><strong>eo</strong></span> <span class='ocrx_word' id='word_1_20' title='bbox 2721 372 2864 443; x_wconf 77' lang='lat' dir='ltr'><strong>quod</strong></span> <span class='ocrx_word' id='word_1_21' title='bbox 2896 373 3230 441; x_wconf 61' lang='grc' dir='ltr'><strong>«Ιϋῢῡβθῐῦῡῑ</strong></span> <span class='ocrx_word' id='word_1_22' title='bbox 3262 384 3363 440; x_wconf 75' lang='grc' dir='ltr'><strong>Ρθ·</strong></span> 
     </span>
     <span class='ocr_line' id='line_1_5' title="bbox 32 471 1682 542; baseline 0.007 -26"><span class='ocrx_word' id='word_1_23' title='bbox 32 472 38 484; x_wconf 69' lang='lat'><strong>²</strong></span> <span class='ocrx_word' id='word_1_24' title='bbox 65 471 90 502; x_wconf 77' lang='lat'><strong>¹·</strong></span> <span class='ocrx_word' id='word_1_25' title='bbox 129 481 172 518; x_wconf 74' lang='lat' dir='ltr'><strong>e</strong></span> <span class='ocrx_word' id='word_1_26' title='bbox 200 471 383 522; x_wconf 75' lang='lat' dir='ltr'><strong>enim</strong></span> <span class='ocrx_word' id='word_1_27' title='bbox 414 484 634 532; x_wconf 84' lang='lat' dir='ltr'><strong>omnes,</strong></span> <span class='ocrx_word' id='word_1_28' title='bbox 665 471 756 542; x_wconf 84' lang='lat' dir='ltr'><strong>qni</strong></span> <span class='ocrx_word' id='word_1_29' title='bbox 798 472 1048 529; x_wconf 83' lang='lat' dir='ltr'><strong>habitant</strong></span> <span class='ocrx_word' id='word_1_30' title='bbox 1079 474 1133 529; x_wconf 87' lang='lat' dir='ltr'><strong>in</strong></span> <span class='ocrx_word' id='word_1_31' title='bbox 1167 491 1253 530; x_wconf 88' lang='lat' dir='ltr'><strong>ea.</strong></span> <span class='ocrx_word' id='word_1_32' title='bbox 1286 476 1379 532; x_wconf 73' lang='lat'><strong>20.</strong></span> <span class='ocrx_word' id='word_1_33' title='bbox 1413 475 1481 531; x_wconf 82' lang='lat' dir='ltr'><strong>Et</strong></span> <span class='ocrx_word' id='word_1_34' title='bbox 1520 475 1682 530; x_wconf 88' lang='lat' dir='ltr'><strong>urbes</strong></span> 
     </span>
    </p>
   </div>
   <div class='ocr_carea' id='block_1_5' title="bbox 30 554 1679 636">
    <p class='ocr_par' dir='ltr' id='par_1_5' title="bbox 30 554 1679 636">
     <span class='ocr_line' id='line_1_6' title="bbox 30 554 1679 636; baseline 0.009 -24"><span class='ocrx_word' id='word_1_35' title='bbox 30 554 41 585; x_wconf 72' lang='lat'><strong>³</strong></span> <span class='ocrx_word' id='word_1_36' title='bbox 71 557 318 624; x_wconf 77' lang='lat' dir='ltr'><strong>‘··rum.</strong></span> <span class='ocrx_word' id='word_1_37' title='bbox 355 577 483 633; x_wconf 80' lang='lat' dir='ltr'><strong>qnae</strong></span> <span class='ocrx_word' id='word_1_38' title='bbox 517 563 830 620; x_wconf 87' lang='lat' dir='ltr'><strong>habitantur</strong></span> <span class='ocrx_word' id='word_1_39' title='bbox 850 604 867 632; x_wconf 91' lang='lat'><strong>,</strong></span> <span class='ocrx_word' id='word_1_40' title='bbox 901 567 1285 635; x_wconf 83' lang='lat' dir='ltr'><strong>vastabuntur,</strong></span> <span class='ocrx_word' id='word_1_41' title='bbox 1312 578 1369 623; x_wconf 90' lang='lat' dir='ltr'><strong>et</strong></span> <span class='ocrx_word' id='word_1_42' title='bbox 1400 578 1543 624; x_wconf 87' lang='lat' dir='ltr'><strong>terra</strong></span> <span class='ocrx_word' id='word_1_43' title='bbox 1602 567 1679 636; x_wconf 78' lang='lat' dir='ltr'><strong>(p)</strong></span> 
     </span>
    </p>
   </div>
   <div class='ocr_carea' id='block_1_6' title="bbox 30 649 1678 816">
    <p class='ocr_par' dir='ltr' id='par_1_6' title="bbox 30 649 1678 816">
     <span class='ocr_line' id='line_1_7' title="bbox 32 649 1678 744; baseline 0.005 -41"><span class='ocrx_word' id='word_1_44' title='bbox 32 659 112 744; x_wconf 33' lang='grc' dir='ltr'><strong>’.ἑν-</strong></span> <span class='ocrx_word' id='word_1_45' title='bbox 143 649 421 709; x_wconf 79' lang='lat' dir='ltr'><strong>exitium</strong></span> <span class='ocrx_word' id='word_1_46' title='bbox 452 655 575 718; x_wconf 86' lang='lat' dir='ltr'><strong>erit,</strong></span> <span class='ocrx_word' id='word_1_47' title='bbox 603 662 660 710; x_wconf 90' lang='lat' dir='ltr'><strong>et</strong></span> <span class='ocrx_word' id='word_1_48' title='bbox 687 658 1050 724; x_wconf 70' lang='lat' dir='ltr'><strong>cognoscetis,</strong></span> <span class='ocrx_word' id='word_1_49' title='bbox 1084 661 1227 728; x_wconf 79' lang='lat' dir='ltr'><strong>qnod</strong></span> <span class='ocrx_word' id='word_1_50' title='bbox 1260 675 1361 729; x_wconf 80' lang='lat' dir='ltr'><strong>ego</strong></span> <span class='ocrx_word' id='word_1_51' title='bbox 1398 659 1678 714; x_wconf 72' lang='lat' dir='ltr'><strong>Dominus.</strong></span> 
     </span>
     <span class='ocr_line' id='line_1_8' title="bbox 30 743 1678 816; baseline 0.004 -18"><span class='ocrx_word' id='word_1_52' title='bbox 30 745 150 798; x_wconf 41' lang='grc' dir='ltr'><strong>ἢ..</strong></span> <span class='ocrx_word' id='word_1_53' title='bbox 193 743 284 801; x_wconf 72' lang='lat' dir='ltr'><strong>Er</strong></span> <span class='ocrx_word' id='word_1_54' title='bbox 323 747 527 804; x_wconf 74' lang='lat' dir='ltr'><strong>factum</strong></span> <span class='ocrx_word' id='word_1_55' title='bbox 561 758 646 804; x_wconf 83' lang='lat' dir='ltr'><strong>est</strong></span> <span class='ocrx_word' id='word_1_56' title='bbox 672 748 896 805; x_wconf 86' lang='lat' dir='ltr'><strong>verbum</strong></span> <span class='ocrx_word' id='word_1_57' title='bbox 936 748 1152 805; x_wconf 81' lang='lat' dir='ltr'>Domini</span> <span class='ocrx_word' id='word_1_58' title='bbox 1205 751 1273 806; x_wconf 90' lang='lat' dir='ltr'><strong>ad</strong></span> <span class='ocrx_word' id='word_1_59' title='bbox 1305 767 1413 816; x_wconf 88' lang='lat' dir='ltr'><strong>me,</strong></span> <span class='ocrx_word' id='word_1_60' title='bbox 1453 751 1678 807; x_wconf 86' lang='lat' dir='ltr'><strong>dicens:</strong></span> 
     </span>
    </p>
   </div>
   <div class='ocr_carea' id='block_1_7' title="bbox 61 869 84 881">
    <p class='ocr_par' dir='ltr' id='par_1_7' title="bbox 61 869 84 881">
     <span class='ocr_line' id='line_1_9' title="bbox 61 869 84 881; baseline 0 0"><span class='ocrx_word' id='word_1_61' title='bbox 61 869 84 881; x_wconf 56' lang='lat'><strong>&#39;⁴</strong></span> 
     </span>
    </p>
   </div>
   <div class='ocr_carea' id='block_1_8' title="bbox 30 834 1682 1064">
    <p class='ocr_par' dir='ltr' id='par_1_8' title="bbox 30 834 1682 1064">
     <span class='ocr_line' id='line_1_10' title="bbox 30 834 1682 913; baseline 0.005 -25"><span class='ocrx_word' id='word_1_62' title='bbox 30 848 40 867; x_wconf 63' lang='lat'><strong>⁵</strong></span> <span class='ocrx_word' id='word_1_63' title='bbox 91 841 154 890; x_wconf 69' lang='lat'><strong>·2.</strong></span> <span class='ocrx_word' id='word_1_64' title='bbox 211 834 340 893; x_wconf 79' lang='lat' dir='ltr'><strong>Fili</strong></span> <span class='ocrx_word' id='word_1_65' title='bbox 397 840 658 899; x_wconf 84' lang='lat' dir='ltr'><strong>bominis.</strong></span> <span class='ocrx_word' id='word_1_66' title='bbox 695 855 818 910; x_wconf 84' lang='lat' dir='ltr'><strong>quae</strong></span> <span class='ocrx_word' id='word_1_67' title='bbox 853 841 1116 911; x_wconf 87' lang='lat' dir='ltr'><strong>parabola</strong></span> <span class='ocrx_word' id='word_1_68' title='bbox 1161 842 1277 896; x_wconf 68' lang='lat' dir='ltr'><strong>haee</strong></span> <span class='ocrx_word' id='word_1_69' title='bbox 1322 843 1474 898; x_wconf 87' lang='lat' dir='ltr'><strong>vobis</strong></span> <span class='ocrx_word' id='word_1_70' title='bbox 1517 856 1682 913; x_wconf 74' lang='lat' dir='ltr'><strong>super</strong></span> 
     </span>
     <span class='ocr_line' id='line_1_11' title="bbox 32 937 60 974; baseline 0.071 -2"><span class='ocrx_word' id='word_1_71' title='bbox 32 937 60 974; x_wconf 59' lang='grc'><strong>’.1.</strong></span> 
     </span>
     <span class='ocr_line' id='line_1_12' title="bbox 30 1033 64 1064; baseline 0 0"><span class='ocrx_word' id='word_1_72' title='bbox 30 1033 64 1064; x_wconf 62' lang='grc'><strong>’.1.</strong></span> 
     </span>
    </p>
   </div>
   <div class='ocr_carea' id='block_1_9' title="bbox 109 928 1679 1005">
    <p class='ocr_par' dir='ltr' id='par_1_9' title="bbox 109 928 1679 1005">
     <span class='ocr_line' id='line_1_13' title="bbox 109 928 1679 1005; baseline 0.004 -24"><span class='ocrx_word' id='word_1_73' title='bbox 109 941 225 982; x_wconf 75' lang='lat' dir='ltr'><strong>rra</strong></span> <span class='ocrx_word' id='word_1_74' title='bbox 273 928 526 992; x_wconf 79' lang='lat' dir='ltr'><strong>israelis,</strong></span> <span class='ocrx_word' id='word_1_75' title='bbox 559 931 868 987; x_wconf 70' lang='lat' dir='ltr'>dicentibus</span> <span class='ocrx_word' id='word_1_76' title='bbox 901 932 1092 989; x_wconf 86' lang='lat' dir='ltr'><strong>vobis:</strong></span> <span class='ocrx_word' id='word_1_77' title='bbox 1128 933 1292 1005; x_wconf 79' lang='lat' dir='ltr'><strong>Longi</strong></span> <span class='ocrx_word' id='word_1_78' title='bbox 1329 935 1469 1001; x_wconf 87' lang='lat' dir='ltr'><strong>dies,</strong></span> <span class='ocrx_word' id='word_1_79' title='bbox 1515 934 1679 1005; x_wconf 89' lang='lat' dir='ltr'><strong>periit</strong></span> 
     </span>
    </p>
   </div>
   <div class='ocr_carea' id='block_1_10' title="bbox 73 1015 1681 1185">
    <p class='ocr_par' dir='ltr' id='par_1_10' title="bbox 73 1015 1681 1185">
     <span class='ocr_line' id='line_1_14' title="bbox 73 1015 1681 1092; baseline 0.009 -26"><span class='ocrx_word' id='word_1_80' title='bbox 73 1015 268 1074; x_wconf 16' lang='lat' dir='ltr'><strong>,nnis</strong></span> <span class='ocrx_word' id='word_1_81' title='bbox 330 1018 522 1074; x_wconf 79' lang='lat' dir='ltr'><strong>visio?</strong></span> <span class='ocrx_word' id='word_1_82' title='bbox 561 1017 652 1075; x_wconf 73' lang='lat'><strong>25.</strong></span> <span class='ocrx_word' id='word_1_83' title='bbox 687 1020 919 1092; x_wconf 79' lang='lat' dir='ltr'><strong>Propter</strong></span> <span class='ocrx_word' id='word_1_84' title='bbox 965 1023 1070 1078; x_wconf 87' lang='lat' dir='ltr'><strong>hoo</strong></span> <span class='ocrx_word' id='word_1_85' title='bbox 1119 1023 1209 1078; x_wconf 88' lang='lat' dir='ltr'><strong>die</strong></span> <span class='ocrx_word' id='word_1_86' title='bbox 1254 1029 1321 1081; x_wconf 76' lang='lat' dir='ltr'><strong>ad</strong></span> <span class='ocrx_word' id='word_1_87' title='bbox 1374 1039 1510 1081; x_wconf 84' lang='lat' dir='ltr'><strong>eos:</strong></span> <span class='ocrx_word' id='word_1_88' title='bbox 1554 1023 1681 1080; x_wconf 82' lang='lat' dir='ltr'><strong>iioee</strong></span> 
     </span>
     <span class='ocr_line' id='line_1_15' title="bbox 75 1107 1679 1185; baseline 0.007 -25"><span class='ocrx_word' id='word_1_89' title='bbox 75 1107 202 1162; x_wconf 62' lang='lat' dir='ltr'><strong>,cit</strong></span> <span class='ocrx_word' id='word_1_90' title='bbox 250 1107 486 1165; x_wconf 72' lang='lat' dir='ltr'><strong>Adonai</strong></span> <span class='ocrx_word' id='word_1_91' title='bbox 532 1112 831 1168; x_wconf 81' lang='lat' dir='ltr'><strong>Dominus:</strong></span> <span class='ocrx_word' id='word_1_92' title='bbox 868 1111 942 1184; x_wconf 84' lang='lat' dir='ltr'><strong>(q)</strong></span> <span class='ocrx_word' id='word_1_93' title='bbox 973 1114 1043 1169; x_wconf 88' lang='lat' dir='ltr'><strong>Et</strong></span> <span class='ocrx_word' id='word_1_94' title='bbox 1078 1123 1320 1170; x_wconf 86' lang='lat' dir='ltr'><strong>avertam</strong></span> <span class='ocrx_word' id='word_1_95' title='bbox 1366 1116 1679 1185; x_wconf 86' lang='lat' dir='ltr'><strong>parabolam</strong></span> 
     </span>
    </p>
   </div>
   <div class='ocr_carea' id='block_1_11' title="bbox 30 1203 1682 1454">
    <p class='ocr_par' dir='ltr' id='par_1_11' title="bbox 30 1203 1682 1454">
     <span class='ocr_line' id='line_1_16' title="bbox 32 1203 1682 1276; baseline 0.01 -26"><span class='ocrx_word' id='word_1_96' title='bbox 32 1243 38 1257; x_wconf 68' lang='grc'><strong>,,</strong></span> <span class='ocrx_word' id='word_1_97' title='bbox 97 1205 232 1252; x_wconf 83' lang='lat' dir='ltr'><strong>tam</strong></span> <span class='ocrx_word' id='word_1_98' title='bbox 282 1210 356 1256; x_wconf 75' lang='lat' dir='ltr'><strong>et</strong></span> <span class='ocrx_word' id='word_1_99' title='bbox 405 1217 514 1257; x_wconf 90' lang='lat' dir='ltr'><strong>non</strong></span> <span class='ocrx_word' id='word_1_100' title='bbox 542 1203 684 1259; x_wconf 86' lang='lat' dir='ltr'><strong>ultra</strong></span> <span class='ocrx_word' id='word_1_101' title='bbox 723 1204 907 1259; x_wconf 86' lang='lat' dir='ltr'><strong>dicent</strong></span> <span class='ocrx_word' id='word_1_102' title='bbox 943 1207 1256 1276; x_wconf 88' lang='lat' dir='ltr'><strong>parabolam</strong></span> <span class='ocrx_word' id='word_1_103' title='bbox 1297 1207 1456 1264; x_wconf 85' lang='lat' dir='ltr'><strong>istam</strong></span> <span class='ocrx_word' id='word_1_104' title='bbox 1483 1208 1682 1266; x_wconf 89' lang='lat' dir='ltr'><strong>domus</strong></span> 
     </span>
     <span class='ocr_line' id='line_1_17' title="bbox 32 1290 1680 1372; baseline 0.009 -31"><span class='ocrx_word' id='word_1_105' title='bbox 32 1290 323 1366; x_wconf 40' lang='lat' dir='ltr'><strong>„Hraelis</strong></span> <span class='ocrx_word' id='word_1_106' title='bbox 350 1312 365 1360; x_wconf 88' lang='grc'><strong>;</strong></span> <span class='ocrx_word' id='word_1_107' title='bbox 395 1294 522 1364; x_wconf 84' lang='lat' dir='ltr'><strong>quia</strong></span> <span class='ocrx_word' id='word_1_108' title='bbox 587 1294 832 1365; x_wconf 87' lang='lat' dir='ltr'><strong>loqueris</strong></span> <span class='ocrx_word' id='word_1_109' title='bbox 878 1297 945 1352; x_wconf 85' lang='lat' dir='ltr'><strong>ad</strong></span> <span class='ocrx_word' id='word_1_110' title='bbox 992 1312 1107 1362; x_wconf 88' lang='lat' dir='ltr'><strong>eos,</strong></span> <span class='ocrx_word' id='word_1_111' title='bbox 1138 1320 1209 1348; x_wconf 69' lang='lat' dir='ltr'><strong>nm</strong></span> <span class='ocrx_word' id='word_1_112' title='bbox 1245 1300 1431 1355; x_wconf 84' lang='lat' dir='ltr'><strong>dicens</strong></span> <span class='ocrx_word' id='word_1_113' title='bbox 1468 1301 1490 1368; x_wconf 72' lang='grc' dir='ltr'>ζ</span> <span class='ocrx_word' id='word_1_114' title='bbox 1520 1320 1532 1355; x_wconf 91' lang='lat'>:</span> <span class='ocrx_word' id='word_1_115' title='bbox 1568 1304 1680 1372; x_wconf 74' lang='lat' dir='ltr'><strong>Ap·</strong></span> 
     </span>
     <span class='ocr_line' id='line_1_18' title="bbox 30 1384 1680 1454; baseline 0.013 -23"><span class='ocrx_word' id='word_1_116' title='bbox 30 1425 59 1450; x_wconf 31' lang='grc' dir='ltr'><strong>μ,</strong></span> <span class='ocrx_word' id='word_1_117' title='bbox 95 1384 542 1454; x_wconf 60' lang='grc' dir='ltr'><strong>,τορίιιιιυωιιυι</strong></span> <span class='ocrx_word' id='word_1_118' title='bbox 599 1387 735 1452; x_wconf 72' lang='lat' dir='ltr'><strong>dies,</strong></span> <span class='ocrx_word' id='word_1_119' title='bbox 790 1396 848 1443; x_wconf 87' lang='lat' dir='ltr'><strong>et</strong></span> <span class='ocrx_word' id='word_1_120' title='bbox 908 1390 1130 1446; x_wconf 73' lang='lat' dir='ltr'><strong>verbum</strong></span> <span class='ocrx_word' id='word_1_121' title='bbox 1189 1394 1371 1449; x_wconf 90' lang='lat' dir='ltr'><strong>omnis</strong></span> <span class='ocrx_word' id='word_1_122' title='bbox 1424 1393 1680 1451; x_wconf 87' lang='lat' dir='ltr'><strong>visionis.</strong></span> 
     </span>
    </p>
   </div>
   <div class='ocr_carea' id='block_1_12' title="bbox 32 1512 70 1640">
    <p class='ocr_par' dir='ltr' id='par_1_12' title="bbox 32 1512 70 1640">
     <span class='ocr_line' id='line_1_19' title="bbox 32 1512 56 1547; baseline 0 0"><span class='ocrx_word' id='word_1_123' title='bbox 32 1512 56 1547; x_wconf 58' lang='grc' dir='ltr'><strong>ετ</strong></span> 
     </span>
     <span class='ocr_line' id='line_1_20' title="bbox 32 1609 70 1640; baseline 0 -7"><span class='ocrx_word' id='word_1_124' title='bbox 32 1609 70 1640; x_wconf 40' lang='grc' dir='ltr'><strong>π’</strong></span> 
     </span>
    </p>
   </div>
   <div class='ocr_carea' id='block_1_13' title="bbox 33 1699 1761 1827">
    <p class='ocr_par' dir='ltr' id='par_1_13' title="bbox 33 1699 1761 1827">
     <span class='ocr_line' id='line_1_21' title="bbox 33 1699 68 1732; baseline 0 0"><span class='ocrx_word' id='word_1_125' title='bbox 33 1699 68 1732; x_wconf 60' lang='lat' dir='ltr'><strong>&gt;r</strong></span> 
     </span>
     <span class='ocr_line' id='line_1_22' title="bbox 37 1735 1761 1827; baseline 0.009 -29"><span class='ocrx_word' id='word_1_126' title='bbox 37 1761 239 1826; x_wconf 25' lang='grc' dir='ltr'><strong>ᾕρεε.</strong></span> <span class='ocrx_word' id='word_1_127' title='bbox 275 1758 332 1801; x_wconf 86' lang='lat' dir='ltr'><strong>et</strong></span> <span class='ocrx_word' id='word_1_128' title='bbox 361 1747 580 1814; x_wconf 73' lang='lat' dir='ltr'><strong>lat-iam,</strong></span> <span class='ocrx_word' id='word_1_129' title='bbox 604 1762 792 1806; x_wconf 78' lang='lat' dir='ltr'><strong>elnon</strong></span> <span class='ocrx_word' id='word_1_130' title='bbox 833 1753 1169 1827; x_wconf 72' lang='lat' dir='ltr'><strong>prolongatio</strong></span> <span class='ocrx_word' id='word_1_131' title='bbox 1223 1743 1498 1827; x_wconf 82' lang='lat' dir='ltr'><strong>amplius;</strong></span> <span class='ocrx_word' id='word_1_132' title='bbox 1552 1759 1682 1827; x_wconf 84' lang='lat' dir='ltr'><strong>quia</strong></span> <span class='ocrx_word' id='word_1_133' title='bbox 1720 1735 1761 1793; x_wconf 77' lang='grc' dir='ltr'><strong>Β</strong></span> 
     </span>
    </p>
   </div>
   <div class='ocr_carea' id='block_1_14' title="bbox 50 1838 1686 2283">
    <p class='ocr_par' dir='ltr' id='par_1_14' title="bbox 50 1838 1686 2222">
     <span class='ocr_line' id='line_1_23' title="bbox 69 1838 1681 1926; baseline 0.008 -36"><span class='ocrx_word' id='word_1_134' title='bbox 69 1854 131 1926; x_wconf 61' lang='lat' dir='ltr'><strong>,P</strong></span> <span class='ocrx_word' id='word_1_135' title='bbox 170 1838 390 1895; x_wconf 83' lang='lat' dir='ltr'><strong>diebus</strong></span> <span class='ocrx_word' id='word_1_136' title='bbox 427 1841 625 1897; x_wconf 84' lang='lat' dir='ltr'><strong>vestris</strong></span> <span class='ocrx_word' id='word_1_137' title='bbox 658 1841 855 1900; x_wconf 87' lang='lat' dir='ltr'><strong>domus</strong></span> <span class='ocrx_word' id='word_1_138' title='bbox 877 1867 949 1894; x_wconf 73' lang='lat' dir='ltr'><strong>eo·</strong></span> <span class='ocrx_word' id='word_1_139' title='bbox 977 1845 1245 1916; x_wconf 68' lang='lat' dir='ltr'><strong>israelis:</strong></span> <span class='ocrx_word' id='word_1_140' title='bbox 1295 1849 1552 1915; x_wconf 70' lang='lat' dir='ltr'><strong>irritans,</strong></span> <span class='ocrx_word' id='word_1_141' title='bbox 1598 1849 1681 1903; x_wconf 90' lang='grc'><strong>10-</strong></span> 
     </span>
     <span class='ocr_line' id='line_1_24' title="bbox 63 1931 1680 2005; baseline 0.007 -23"><span class='ocrx_word' id='word_1_142' title='bbox 63 1944 240 1996; x_wconf 50' lang='grc' dir='ltr'><strong>,μιιτ</strong></span> <span class='ocrx_word' id='word_1_143' title='bbox 270 1931 521 1998; x_wconf 88' lang='lat' dir='ltr'><strong>verbum,</strong></span> <span class='ocrx_word' id='word_1_144' title='bbox 568 1943 622 1989; x_wconf 89' lang='lat' dir='ltr'><strong>et</strong></span> <span class='ocrx_word' id='word_1_145' title='bbox 656 1933 890 2005; x_wconf 80' lang='lat' dir='ltr'><strong>faciam,</strong></span> <span class='ocrx_word' id='word_1_146' title='bbox 942 1939 1077 1994; x_wconf 88' lang='lat' dir='ltr'><strong>dicit</strong></span> <span class='ocrx_word' id='word_1_147' title='bbox 1130 1940 1342 1995; x_wconf 76' lang='lat' dir='ltr'><strong>Adonai</strong></span> <span class='ocrx_word' id='word_1_148' title='bbox 1397 1942 1680 1996; x_wconf 76' lang='lat' dir='ltr'><strong>Dominus.</strong></span> 
     </span>
     <span class='ocr_line' id='line_1_25' title="bbox 77 2020 1680 2116; baseline 0.009 -42"><span class='ocrx_word' id='word_1_149' title='bbox 77 2021 179 2116; x_wconf 10' lang='lat' dir='ltr'><strong>t¹26.</strong></span> <span class='ocrx_word' id='word_1_150' title='bbox 235 2020 309 2077; x_wconf 81' lang='lat' dir='ltr'><strong>Et</strong></span> <span class='ocrx_word' id='word_1_151' title='bbox 337 2023 538 2079; x_wconf 78' lang='lat' dir='ltr'><strong>lactum</strong></span> <span class='ocrx_word' id='word_1_152' title='bbox 569 2035 655 2081; x_wconf 86' lang='lat' dir='ltr'><strong>est</strong></span> <span class='ocrx_word' id='word_1_153' title='bbox 692 2028 919 2083; x_wconf 84' lang='lat' dir='ltr'><strong>verbum</strong></span> <span class='ocrx_word' id='word_1_154' title='bbox 959 2029 1178 2086; x_wconf 89' lang='lat' dir='ltr'><strong>Domini</strong></span> <span class='ocrx_word' id='word_1_155' title='bbox 1210 2033 1277 2087; x_wconf 89' lang='lat' dir='ltr'><strong>ad</strong></span> <span class='ocrx_word' id='word_1_156' title='bbox 1307 2047 1418 2098; x_wconf 88' lang='lat' dir='ltr'><strong>me,</strong></span> <span class='ocrx_word' id='word_1_157' title='bbox 1452 2032 1680 2088; x_wconf 84' lang='lat' dir='ltr'><strong>dicens:</strong></span> 
     </span>
     <span class='ocr_line' id='line_1_26' title="bbox 50 2111 1686 2222; baseline 0.007 -55"><span class='ocrx_word' id='word_1_158' title='bbox 50 2111 188 2222; x_wconf 38' lang='lat'><strong>33⁷·</strong></span> <span class='ocrx_word' id='word_1_159' title='bbox 230 2111 340 2168; x_wconf 75' lang='lat' dir='ltr'><strong>Fili</strong></span> <span class='ocrx_word' id='word_1_160' title='bbox 371 2116 640 2182; x_wconf 85' lang='lat' dir='ltr'><strong>hominis,</strong></span> <span class='ocrx_word' id='word_1_161' title='bbox 675 2133 804 2174; x_wconf 82' lang='lat' dir='ltr'><strong>ecee</strong></span> <span class='ocrx_word' id='word_1_162' title='bbox 847 2120 1045 2177; x_wconf 89' lang='lat' dir='ltr'><strong>domus</strong></span> <span class='ocrx_word' id='word_1_163' title='bbox 1077 2121 1291 2178; x_wconf 79' lang='lat' dir='ltr'><strong>israelis</strong></span> <span class='ocrx_word' id='word_1_164' title='bbox 1318 2123 1566 2188; x_wconf 89' lang='lat' dir='ltr'><strong>irritans,</strong></span> <span class='ocrx_word' id='word_1_165' title='bbox 1602 2125 1686 2179; x_wconf 89' lang='lat' dir='ltr'><strong>di·</strong></span> 
     </span>
    </p>

    <p class='ocr_par' dir='ltr' id='par_1_15' title="bbox 87 2205 1682 2283">
     <span class='ocr_line' id='line_1_27' title="bbox 87 2205 1682 2283; baseline 0.006 -24"><span class='ocrx_word' id='word_1_166' title='bbox 87 2205 278 2260; x_wconf 79' lang='lat' dir='ltr'><strong>:endo</strong></span> <span class='ocrx_word' id='word_1_167' title='bbox 297 2205 486 2262; x_wconf 88' lang='lat' dir='ltr'><strong>dicunt</strong></span> <span class='ocrx_word' id='word_1_168' title='bbox 511 2227 524 2260; x_wconf 73' lang='grc' dir='ltr'>ε</span> <span class='ocrx_word' id='word_1_169' title='bbox 550 2206 723 2272; x_wconf 73' lang='lat' dir='ltr'><strong>Visio,</strong></span> <span class='ocrx_word' id='word_1_170' title='bbox 748 2225 911 2280; x_wconf 87' lang='lat' dir='ltr'><strong>quam</strong></span> <span class='ocrx_word' id='word_1_171' title='bbox 936 2210 1024 2266; x_wconf 87' lang='lat' dir='ltr'><strong>bie</strong></span> <span class='ocrx_word' id='word_1_172' title='bbox 1052 2212 1216 2280; x_wconf 83' lang='lat' dir='ltr'><strong>videt,</strong></span> <span class='ocrx_word' id='word_1_173' title='bbox 1243 2214 1296 2268; x_wconf 89' lang='lat' dir='ltr'><strong>in</strong></span> <span class='ocrx_word' id='word_1_174' title='bbox 1319 2212 1438 2268; x_wconf 89' lang='lat' dir='ltr'><strong>dies</strong></span> <span class='ocrx_word' id='word_1_175' title='bbox 1461 2214 1682 2283; x_wconf 78' lang='lat' dir='ltr'><strong>multos,</strong></span> 
     </span>
    </p>
   </div>
   <div class='ocr_carea' id='block_1_15' title="bbox 34 2295 1684 2403">
    <p class='ocr_par' dir='ltr' id='par_1_16' title="bbox 32 2295 1684 2403">
     <span class='ocr_line' id='line_1_28' title="bbox 34 2295 1684 2403; baseline 0.008 -54.983"><span class='ocrx_word' id='word_1_176' title='bbox 34 2297 132 2403; x_wconf 45' lang='lat' dir='ltr'><strong>met</strong></span> <span class='ocrx_word' id='word_1_177' title='bbox 168 2295 233 2351; x_wconf 83' lang='lat' dir='ltr'><strong>in</strong></span> <span class='ocrx_word' id='word_1_178' title='bbox 269 2304 511 2368; x_wconf 84' lang='lat' dir='ltr'><strong>tempora</strong></span> <span class='ocrx_word' id='word_1_179' title='bbox 546 2298 704 2371; x_wconf 75' lang='lat' dir='ltr'><strong>longa</strong></span> <span class='ocrx_word' id='word_1_180' title='bbox 735 2300 838 2355; x_wconf 82' lang='lat' dir='ltr'><strong>iste</strong></span> <span class='ocrx_word' id='word_1_181' title='bbox 861 2302 1170 2375; x_wconf 74' lang='lat' dir='ltr'><strong>prophetat.</strong></span> <span class='ocrx_word' id='word_1_182' title='bbox 1204 2304 1295 2361; x_wconf 74' lang='lat'><strong>28.</strong></span> <span class='ocrx_word' id='word_1_183' title='bbox 1323 2304 1550 2376; x_wconf 79' lang='lat' dir='ltr'><strong>Propter</strong></span> <span class='ocrx_word' id='word_1_184' title='bbox 1580 2307 1684 2362; x_wconf 87' lang='lat' dir='ltr'><strong>boe</strong></span> 
     </span>
    </p>
   </div>
   <div class='ocr_carea' id='block_1_16' title="bbox 30 1891 56 1939">
    <p class='ocr_par' dir='ltr' id='par_1_17' title="bbox 30 1891 56 1939">
     <span class='ocr_line' id='line_1_29' title="bbox 30 1891 56 1939; baseline 0 0"><span class='ocrx_word' id='word_1_185' title='bbox 30 1891 56 1939; x_wconf 61' lang='grc' dir='ltr'><strong>ἶ*</strong></span> 
     </span>
    </p>
   </div>
   <div class='ocr_carea' id='block_1_17' title="bbox 44 2009 68 2022">
    <p class='ocr_par' dir='ltr' id='par_1_18' title="bbox 44 2009 68 2022">
     <span class='ocr_line' id='line_1_30' title="bbox 44 2009 68 2022; baseline 0 0"><span class='ocrx_word' id='word_1_186' title='bbox 44 2009 68 2022; x_wconf 59' lang='grc' dir='ltr'><strong>ὧι</strong></span> 
     </span>
    </p>
   </div>
   <div class='ocr_carea' id='block_1_18' title="bbox 32 2083 60 2117">
    <p class='ocr_par' dir='ltr' id='par_1_19' title="bbox 32 2083 60 2117">
     <span class='ocr_line' id='line_1_31' title="bbox 32 2083 60 2117; baseline 0 0"><span class='ocrx_word' id='word_1_187' title='bbox 32 2084 33 2109; x_wconf 55' lang='lat' dir='ltr'><strong>t</strong></span> <span class='ocrx_word' id='word_1_188' title='bbox 39 2083 60 2117; x_wconf 69' lang='lat' dir='ltr'>G</span> 
     </span>
    </p>
   </div>
   <div class='ocr_carea' id='block_1_19' title="bbox 30 2270 54 2303">
    <p class='ocr_par' dir='ltr' id='par_1_20' title="bbox 30 2270 54 2303">
     <span class='ocr_line' id='line_1_32' title="bbox 30 2270 54 2303; baseline 0 -2"><span class='ocrx_word' id='word_1_189' title='bbox 30 2270 54 2303; x_wconf 57' lang='lat' dir='ltr'><strong>2.ss</strong></span> 
     </span>
    </p>
   </div>
   <div class='ocr_carea' id='block_1_20' title="bbox 75 1472 1682 1556">
    <p class='ocr_par' dir='ltr' id='par_1_21' title="bbox 75 1472 1682 1556">
     <span class='ocr_line' id='line_1_33' title="bbox 75 1472 1682 1556; baseline 0.006 -24"><span class='ocrx_word' id='word_1_190' title='bbox 75 1472 158 1532; x_wconf 62' lang='grc'><strong>,8.</strong></span> <span class='ocrx_word' id='word_1_191' title='bbox 198 1473 366 1542; x_wconf 74' lang='lat' dir='ltr'><strong>Quia</strong></span> <span class='ocrx_word' id='word_1_192' title='bbox 399 1492 508 1532; x_wconf 87' lang='lat' dir='ltr'><strong>non</strong></span> <span class='ocrx_word' id='word_1_193' title='bbox 537 1479 644 1534; x_wconf 86' lang='lat' dir='ltr'><strong>erit</strong></span> <span class='ocrx_word' id='word_1_194' title='bbox 680 1480 822 1536; x_wconf 89' lang='lat' dir='ltr'><strong>ultra</strong></span> <span class='ocrx_word' id='word_1_195' title='bbox 845 1482 1026 1540; x_wconf 87' lang='lat' dir='ltr'><strong>omnis</strong></span> <span class='ocrx_word' id='word_1_196' title='bbox 1057 1483 1195 1540; x_wconf 89' lang='lat' dir='ltr'><strong>visio</strong></span> <span class='ocrx_word' id='word_1_197' title='bbox 1221 1483 1381 1551; x_wconf 86' lang='lat' dir='ltr'><strong>salsa,</strong></span> <span class='ocrx_word' id='word_1_198' title='bbox 1409 1485 1480 1556; x_wconf 86' lang='lat' dir='ltr'><strong>(r)</strong></span> <span class='ocrx_word' id='word_1_199' title='bbox 1510 1497 1565 1541; x_wconf 90' lang='lat' dir='ltr'><strong>et</strong></span> <span class='ocrx_word' id='word_1_200' title='bbox 1594 1486 1682 1542; x_wconf 88' lang='lat' dir='ltr'><strong>di·</strong></span> 
     </span>
    </p>
   </div>
   <div class='ocr_carea' id='block_1_21' title="bbox 101 1568 1684 1734">
    <p class='ocr_par' dir='ltr' id='par_1_22' title="bbox 101 1568 1684 1734">
     <span class='ocr_line' id='line_1_34' title="bbox 101 1568 1684 1651; baseline 0.011 -36"><span class='ocrx_word' id='word_1_201' title='bbox 101 1579 294 1620; x_wconf 77' lang='lat' dir='ltr'><strong>:naris</strong></span> <span class='ocrx_word' id='word_1_202' title='bbox 329 1582 450 1635; x_wconf 73' lang='lat' dir='ltr'><strong>qurr</strong></span> <span class='ocrx_word' id='word_1_203' title='bbox 472 1568 897 1651; x_wconf 81' lang='lat' dir='ltr'><strong>pulchritudinis</strong></span> <span class='ocrx_word' id='word_1_204' title='bbox 924 1571 980 1627; x_wconf 89' lang='lat' dir='ltr'><strong>in</strong></span> <span class='ocrx_word' id='word_1_205' title='bbox 1012 1572 1195 1629; x_wconf 87' lang='lat' dir='ltr'><strong>medio</strong></span> <span class='ocrx_word' id='word_1_206' title='bbox 1231 1572 1467 1630; x_wconf 86' lang='lat' dir='ltr'><strong>liliorum</strong></span> <span class='ocrx_word' id='word_1_207' title='bbox 1507 1574 1684 1632; x_wconf 80' lang='lat' dir='ltr'><strong>lsrae-</strong></span> 
     </span>
     <span class='ocr_line' id='line_1_35' title="bbox 101 1656 1680 1734; baseline 0.008 -26"><span class='ocrx_word' id='word_1_208' title='bbox 101 1671 160 1708; x_wconf 89' lang='lat' dir='ltr'><strong>s.</strong></span> <span class='ocrx_word' id='word_1_209' title='bbox 209 1656 324 1710; x_wconf 70' lang='grc'><strong>25.</strong></span> <span class='ocrx_word' id='word_1_210' title='bbox 367 1657 510 1724; x_wconf 85' lang='lat' dir='ltr'><strong>Quia</strong></span> <span class='ocrx_word' id='word_1_211' title='bbox 556 1673 656 1729; x_wconf 74' lang='lat' dir='ltr'><strong>ego</strong></span> <span class='ocrx_word' id='word_1_212' title='bbox 698 1659 965 1716; x_wconf 85' lang='lat' dir='ltr'><strong>Dominus</strong></span> <span class='ocrx_word' id='word_1_213' title='bbox 1013 1661 1228 1732; x_wconf 87' lang='lat' dir='ltr'><strong>loquar,</strong></span> <span class='ocrx_word' id='word_1_214' title='bbox 1281 1665 1473 1734; x_wconf 81' lang='lat' dir='ltr'><strong>loquar</strong></span> <span class='ocrx_word' id='word_1_215' title='bbox 1515 1667 1680 1720; x_wconf 88' lang='lat' dir='ltr'><strong>verba</strong></span> 
     </span>
    </p>
   </div>
   <div class='ocr_carea' id='block_1_22' title="bbox 83 2386 1683 2468">
    <p class='ocr_par' dir='ltr' id='par_1_23' title="bbox 83 2386 1683 2468">
     <span class='ocr_line' id='line_1_36' title="bbox 83 2386 1683 2468; baseline 0.009 -28"><span class='ocrx_word' id='word_1_216' title='bbox 83 2386 176 2442; x_wconf 80' lang='lat' dir='ltr'><strong>lie</strong></span> <span class='ocrx_word' id='word_1_217' title='bbox 208 2388 282 2443; x_wconf 84' lang='lat' dir='ltr'><strong>ad</strong></span> <span class='ocrx_word' id='word_1_218' title='bbox 319 2403 456 2444; x_wconf 86' lang='lat' dir='ltr'><strong>eos:</strong></span> <span class='ocrx_word' id='word_1_219' title='bbox 493 2388 620 2446; x_wconf 82' lang='lat' dir='ltr'><strong>Haec</strong></span> <span class='ocrx_word' id='word_1_220' title='bbox 654 2390 789 2447; x_wconf 92' lang='lat' dir='ltr'><strong>dicit</strong></span> <span class='ocrx_word' id='word_1_221' title='bbox 828 2393 1038 2450; x_wconf 78' lang='lat' dir='ltr'><strong>Adonai</strong></span> <span class='ocrx_word' id='word_1_222' title='bbox 1072 2393 1337 2453; x_wconf 85' lang='lat' dir='ltr'><strong>Dominus</strong></span> <span class='ocrx_word' id='word_1_223' title='bbox 1364 2415 1379 2451; x_wconf 92' lang='lat'><strong>.·</strong></span> <span class='ocrx_word' id='word_1_224' title='bbox 1409 2395 1527 2453; x_wconf 86' lang='lat' dir='ltr'><strong>Non</strong></span> <span class='ocrx_word' id='word_1_225' title='bbox 1554 2414 1683 2468; x_wconf 89' lang='lat' dir='ltr'><strong>pro-</strong></span> 
     </span>
    </p>
   </div>
   <div class='ocr_carea' id='block_1_23' title="bbox 30 2459 1684 2726">
    <p class='ocr_par' dir='ltr' id='par_1_24' title="bbox 30 2459 1684 2726">
     <span class='ocr_line' id='line_1_37' title="bbox 30 2459 1683 2560; baseline 0.009 -28"><span class='ocrx_word' id='word_1_226' title='bbox 30 2459 640 2550; x_wconf 53' lang='grc' dir='ltr'><strong>Ξί’.0030000101ιιΙιιΊι</strong></span> <span class='ocrx_word' id='word_1_227' title='bbox 677 2485 862 2540; x_wconf 86' lang='lat' dir='ltr'><strong>omnia</strong></span> <span class='ocrx_word' id='word_1_228' title='bbox 912 2485 1075 2541; x_wconf 84' lang='lat' dir='ltr'><strong>verba</strong></span> <span class='ocrx_word' id='word_1_229' title='bbox 1128 2503 1273 2553; x_wconf 89' lang='lat' dir='ltr'><strong>mea,</strong></span> <span class='ocrx_word' id='word_1_230' title='bbox 1318 2505 1683 2560; x_wconf 74' lang='lat' dir='ltr'><strong>qua-cumque</strong></span> 
     </span>
     <span class='ocr_line' id='line_1_38' title="bbox 30 2554 1684 2652; baseline 0.007 -25"><span class='ocrx_word' id='word_1_231' title='bbox 30 2554 317 2631; x_wconf 47' lang='lat' dir='ltr'><strong>*locutus</strong></span> <span class='ocrx_word' id='word_1_232' title='bbox 350 2575 506 2631; x_wconf 82' lang='lat' dir='ltr'><strong>suero</strong></span> <span class='ocrx_word' id='word_1_233' title='bbox 532 2594 546 2631; x_wconf 76' lang='grc' dir='ltr'><strong><em>ε</em></strong></span> <span class='ocrx_word' id='word_1_234' title='bbox 576 2577 773 2651; x_wconf 86' lang='lat' dir='ltr'><strong>loquar</strong></span> <span class='ocrx_word' id='word_1_235' title='bbox 811 2578 1063 2643; x_wconf 69' lang='lat' dir='ltr'><strong>verbum,</strong></span> <span class='ocrx_word' id='word_1_236' title='bbox 1099 2579 1172 2652; x_wconf 73' lang='grc' dir='ltr'><strong>(ε)</strong></span> <span class='ocrx_word' id='word_1_237' title='bbox 1217 2579 1518 2649; x_wconf 80' lang='lat' dir='ltr'><strong>etfaciam,</strong></span> <span class='ocrx_word' id='word_1_238' title='bbox 1548 2583 1684 2639; x_wconf 88' lang='lat' dir='ltr'><strong>dicit</strong></span> 
     </span>
     <span class='ocr_line' id='line_1_39' title="bbox 30 2651 614 2726; baseline 0.012 -7"><span class='ocrx_word' id='word_1_239' title='bbox 30 2651 309 2723; x_wconf 44' lang='lat' dir='ltr'><strong>*Adonai</strong></span> <span class='ocrx_word' id='word_1_240' title='bbox 332 2666 614 2726; x_wconf 82' lang='lat' dir='ltr'><strong>Dominus.</strong></span> 
     </span>
    </p>
   </div>
   <div class='ocr_carea' id='block_1_24' title="bbox 32 2749 64 2778">
    <p class='ocr_par' dir='ltr' id='par_1_25' title="bbox 32 2749 64 2778">
     <span class='ocr_line' id='line_1_40' title="bbox 32 2749 64 2778; baseline 0 -5"><span class='ocrx_word' id='word_1_241' title='bbox 32 2749 64 2778; x_wconf 63' lang='lat'><strong>,2¹</strong></span> 
     </span>
    </p>
   </div>
   <div class='ocr_carea' id='block_1_25' title="bbox 153 2761 1678 2832">
    <p class='ocr_par' dir='ltr' id='par_1_26' title="bbox 153 2761 1678 2832">
     <span class='ocr_line' id='line_1_41' title="bbox 153 2761 1678 2832; baseline 0.005 -16"><span class='ocrx_word' id='word_1_242' title='bbox 153 2762 304 2832; x_wconf 77' lang='lat' dir='ltr'><strong>Cap.</strong></span> <span class='ocrx_word' id='word_1_243' title='bbox 340 2761 481 2832; x_wconf 79' lang='lat' dir='ltr'><strong>xttt,</strong></span> <span class='ocrx_word' id='word_1_244' title='bbox 521 2764 575 2819; x_wconf 90' lang='grc'><strong>1.</strong></span> <span class='ocrx_word' id='word_1_245' title='bbox 611 2764 679 2820; x_wconf 83' lang='grc' dir='ltr'><strong>Ει</strong></span> <span class='ocrx_word' id='word_1_246' title='bbox 712 2765 916 2823; x_wconf 77' lang='lat' dir='ltr'><strong>lactum</strong></span> <span class='ocrx_word' id='word_1_247' title='bbox 951 2776 1037 2824; x_wconf 84' lang='lat' dir='ltr'><strong>est</strong></span> <span class='ocrx_word' id='word_1_248' title='bbox 1070 2768 1295 2824; x_wconf 87' lang='lat' dir='ltr'><strong>verbum</strong></span> <span class='ocrx_word' id='word_1_249' title='bbox 1347 2768 1563 2825; x_wconf 87' lang='lat' dir='ltr'><strong>Domini</strong></span> <span class='ocrx_word' id='word_1_250' title='bbox 1608 2769 1678 2824; x_wconf 87' lang='lat' dir='ltr'><strong>ad</strong></span> 
     </span>
    </p>
   </div>
   <div class='ocr_carea' id='block_1_26' title="bbox 30 2834 1680 3025">
    <p class='ocr_par' dir='ltr' id='par_1_27' title="bbox 30 2834 1680 3025">
     <span class='ocr_line' id='line_1_42' title="bbox 30 2834 1680 2933; baseline 0.007 -27"><span class='ocrx_word' id='word_1_251' title='bbox 30 2834 200 2917; x_wconf 57' lang='grc' dir='ltr'><strong>ἑἾηιε.</strong></span> <span class='ocrx_word' id='word_1_252' title='bbox 243 2853 431 2912; x_wconf 79' lang='lat' dir='ltr'><strong>dicens</strong></span> <span class='ocrx_word' id='word_1_253' title='bbox 456 2874 472 2913; x_wconf 71' lang='grc' dir='ltr'>ε</span> <span class='ocrx_word' id='word_1_254' title='bbox 501 2856 557 2913; x_wconf 76' lang='lat'><strong>2.</strong></span> <span class='ocrx_word' id='word_1_255' title='bbox 589 2856 693 2913; x_wconf 88' lang='lat' dir='ltr'><strong>Fili</strong></span> <span class='ocrx_word' id='word_1_256' title='bbox 733 2859 998 2922; x_wconf 87' lang='lat' dir='ltr'><strong>hominis,</strong></span> <span class='ocrx_word' id='word_1_257' title='bbox 1039 2860 1301 2931; x_wconf 84' lang='lat' dir='ltr'><strong>propheta</strong></span> <span class='ocrx_word' id='word_1_258' title='bbox 1346 2876 1512 2932; x_wconf 88' lang='lat' dir='ltr'><strong>super</strong></span> <span class='ocrx_word' id='word_1_259' title='bbox 1553 2878 1680 2933; x_wconf 89' lang='lat' dir='ltr'><strong>pro-</strong></span> 
     </span>
     <span class='ocr_line' id='line_1_43' title="bbox 30 2927 1677 3025; baseline 0.007 -26"><span class='ocrx_word' id='word_1_260' title='bbox 30 2927 48 2984; x_wconf 58' lang='lat'>5</span> <span class='ocrx_word' id='word_1_261' title='bbox 73 2945 289 3014; x_wconf 78' lang='lat' dir='ltr'><strong>phetas</strong></span> <span class='ocrx_word' id='word_1_262' title='bbox 316 2946 557 3014; x_wconf 82' lang='lat' dir='ltr'><strong>israelis,</strong></span> <span class='ocrx_word' id='word_1_263' title='bbox 584 2953 678 3019; x_wconf 87' lang='lat' dir='ltr'><strong>qui</strong></span> <span class='ocrx_word' id='word_1_264' title='bbox 703 2950 1057 3021; x_wconf 88' lang='lat' dir='ltr'><strong>prophetant,</strong></span> <span class='ocrx_word' id='word_1_265' title='bbox 1095 2957 1162 3021; x_wconf 69' lang='lat' dir='ltr'><strong>Jt(</strong></span> <span class='ocrx_word' id='word_1_266' title='bbox 1183 2960 1239 3007; x_wconf 86' lang='lat' dir='ltr'><strong>et</strong></span> <span class='ocrx_word' id='word_1_267' title='bbox 1262 2952 1411 3010; x_wconf 80' lang='lat' dir='ltr'><strong>dit-es</strong></span> <span class='ocrx_word' id='word_1_268' title='bbox 1439 2954 1677 3025; x_wconf 75' lang='lat' dir='ltr'><strong>prophe-</strong></span> 
     </span>
    </p>
   </div>
   <div class='ocr_carea' id='block_1_27' title="bbox 32 3027 1653 3115">
    <p class='ocr_par' dir='ltr' id='par_1_28' title="bbox 32 3027 1653 3115">
     <span class='ocr_line' id='line_1_44' title="bbox 32 3027 1653 3115; baseline 0.008 -25"><span class='ocrx_word' id='word_1_269' title='bbox 32 3027 188 3098; x_wconf 68' lang='lat' dir='ltr'><strong>*&#39;tis,</strong></span> <span class='ocrx_word' id='word_1_270' title='bbox 238 3039 331 3106; x_wconf 74' lang='lat' dir='ltr'><strong>qui</strong></span> <span class='ocrx_word' id='word_1_271' title='bbox 365 3039 692 3109; x_wconf 87' lang='lat' dir='ltr'><strong>prophetant</strong></span> <span class='ocrx_word' id='word_1_272' title='bbox 715 3042 783 3096; x_wconf 86' lang='lat' dir='ltr'><strong>de</strong></span> <span class='ocrx_word' id='word_1_273' title='bbox 828 3042 996 3098; x_wconf 88' lang='lat' dir='ltr'><strong>eorde</strong></span> <span class='ocrx_word' id='word_1_274' title='bbox 1055 3060 1175 3109; x_wconf 91' lang='lat' dir='ltr'><strong>suo,</strong></span> <span class='ocrx_word' id='word_1_275' title='bbox 1215 3055 1270 3100; x_wconf 90' lang='lat' dir='ltr'><strong>et</strong></span> <span class='ocrx_word' id='word_1_276' title='bbox 1303 3037 1653 3115; x_wconf 69' lang='lat' dir='ltr'><strong>prophetabis</strong></span> 
     </span>
    </p>
   </div>
   <div class='ocr_carea' id='block_1_28' title="bbox 30 3123 50 3252">
    <p class='ocr_par' dir='ltr' id='par_1_29' title="bbox 30 3123 50 3252">
     <span class='ocr_line' id='line_1_45' title="bbox 30 3123 50 3156; baseline 0 0"><span class='ocrx_word' id='word_1_277' title='bbox 30 3123 50 3156; x_wconf 66' lang='grc' dir='ltr'>Ι</span> 
     </span>
     <span class='ocr_line' id='line_1_46' title="bbox 30 3217 46 3252; baseline 0 0"><span class='ocrx_word' id='word_1_278' title='bbox 30 3217 46 3252; x_wconf 70' lang='lat'><em>3</em></span> 
     </span>
    </p>
   </div>
   <div class='ocr_carea' id='block_1_29' title="bbox 80 3126 1683 3296">
    <p class='ocr_par' dir='ltr' id='par_1_30' title="bbox 80 3126 1683 3296">
     <span class='ocr_line' id='line_1_47' title="bbox 80 3126 1682 3200; baseline 0.007 -18"><span class='ocrx_word' id='word_1_279' title='bbox 80 3138 147 3182; x_wconf 85' lang='lat' dir='ltr'><strong>et</strong></span> <span class='ocrx_word' id='word_1_280' title='bbox 175 3126 330 3184; x_wconf 71' lang='lat' dir='ltr'><strong>dices</strong></span> <span class='ocrx_word' id='word_1_281' title='bbox 361 3130 428 3185; x_wconf 87' lang='lat' dir='ltr'><strong>ad</strong></span> <span class='ocrx_word' id='word_1_282' title='bbox 462 3146 559 3187; x_wconf 85' lang='lat' dir='ltr'><strong>eos</strong></span> <span class='ocrx_word' id='word_1_283' title='bbox 591 3132 614 3200; x_wconf 70' lang='grc' dir='ltr'>ζ</span> <span class='ocrx_word' id='word_1_284' title='bbox 649 3150 663 3186; x_wconf 87' lang='lat'>:</span> <span class='ocrx_word' id='word_1_285' title='bbox 695 3134 895 3189; x_wconf 75' lang='lat' dir='ltr'><strong>Audite</strong></span> <span class='ocrx_word' id='word_1_286' title='bbox 925 3135 1148 3190; x_wconf 71' lang='lat' dir='ltr'><strong>verbum</strong></span> <span class='ocrx_word' id='word_1_287' title='bbox 1189 3136 1426 3190; x_wconf 80' lang='lat' dir='ltr'><strong>Domini.</strong></span> <span class='ocrx_word' id='word_1_288' title='bbox 1459 3140 1513 3192; x_wconf 81' lang='lat'><strong>5.</strong></span> <span class='ocrx_word' id='word_1_289' title='bbox 1554 3138 1682 3194; x_wconf 81' lang='lat' dir='ltr'><strong>iiaec</strong></span> 
     </span>
     <span class='ocr_line' id='line_1_48' title="bbox 80 3217 1683 3296; baseline 0.003 -22"><span class='ocrx_word' id='word_1_290' title='bbox 80 3217 229 3274; x_wconf 66' lang='lat' dir='ltr'><strong>:tien</strong></span> <span class='ocrx_word' id='word_1_291' title='bbox 268 3219 482 3276; x_wconf 80' lang='lat' dir='ltr'><strong>Adonai</strong></span> <span class='ocrx_word' id='word_1_292' title='bbox 529 3220 830 3278; x_wconf 84' lang='lat' dir='ltr'><strong>Dominus:</strong></span> <span class='ocrx_word' id='word_1_293' title='bbox 869 3221 957 3279; x_wconf 72' lang='lat' dir='ltr'><strong>Vae</strong></span> <span class='ocrx_word' id='word_1_294' title='bbox 994 3224 1080 3278; x_wconf 84' lang='lat' dir='ltr'><strong>bis</strong></span> <span class='ocrx_word' id='word_1_295' title='bbox 1125 3225 1218 3294; x_wconf 83' lang='lat' dir='ltr'><strong>qui</strong></span> <span class='ocrx_word' id='word_1_296' title='bbox 1253 3226 1579 3296; x_wconf 85' lang='lat' dir='ltr'><strong>prophetant</strong></span> <span class='ocrx_word' id='word_1_297' title='bbox 1614 3225 1683 3280; x_wconf 86' lang='lat' dir='ltr'><strong>de</strong></span> 
     </span>
    </p>
   </div>
   <div class='ocr_carea' id='block_1_30' title="bbox 30 3306 1680 3386">
    <p class='ocr_par' dir='ltr' id='par_1_31' title="bbox 30 3306 1680 3386">
     <span class='ocr_line' id='line_1_49' title="bbox 30 3306 1680 3386; baseline 0.002 -19"><span class='ocrx_word' id='word_1_298' title='bbox 30 3306 38 3337; x_wconf 68' lang='lat'><em>³</em></span> <span class='ocrx_word' id='word_1_299' title='bbox 80 3314 264 3369; x_wconf 81' lang='lat' dir='ltr'><strong>eorde</strong></span> <span class='ocrx_word' id='word_1_300' title='bbox 295 3330 421 3372; x_wconf 78' lang='lat' dir='ltr'><strong>suo.</strong></span> <span class='ocrx_word' id='word_1_301' title='bbox 455 3317 522 3382; x_wconf 62' lang='grc' dir='ltr'>Χ</span> <span class='ocrx_word' id='word_1_302' title='bbox 559 3316 971 3372; x_wconf 76' lang='lat' dir='ltr'><strong>ambulantibus</strong></span> <span class='ocrx_word' id='word_1_303' title='bbox 1001 3328 1126 3386; x_wconf 88' lang='lat' dir='ltr'><strong>post</strong></span> <span class='ocrx_word' id='word_1_304' title='bbox 1154 3317 1406 3386; x_wconf 89' lang='lat' dir='ltr'><strong>spiritum</strong></span> <span class='ocrx_word' id='word_1_305' title='bbox 1439 3331 1600 3372; x_wconf 87' lang='lat' dir='ltr'><strong>suum</strong></span> <span class='ocrx_word' id='word_1_306' title='bbox 1632 3318 1680 3385; x_wconf 72' lang='grc' dir='ltr'><strong>ζ,</strong></span> 
     </span>
    </p>
   </div>
   <div class='ocr_carea' id='block_1_31' title="bbox 85 3405 1684 3476">
    <p class='ocr_par' dir='ltr' id='par_1_32' title="bbox 85 3405 1684 3476">
     <span class='ocr_line' id='line_1_50' title="bbox 85 3405 1684 3476; baseline 0.004 -20"><span class='ocrx_word' id='word_1_307' title='bbox 85 3412 152 3457; x_wconf 81' lang='lat' dir='ltr'><strong>et</strong></span> <span class='ocrx_word' id='word_1_308' title='bbox 191 3406 419 3459; x_wconf 90' lang='lat' dir='ltr'><strong>omnino</strong></span> <span class='ocrx_word' id='word_1_309' title='bbox 446 3419 552 3457; x_wconf 89' lang='lat' dir='ltr'><strong>non</strong></span> <span class='ocrx_word' id='word_1_310' title='bbox 589 3405 795 3460; x_wconf 78' lang='lat' dir='ltr'><strong>vident.</strong></span> <span class='ocrx_word' id='word_1_311' title='bbox 834 3405 888 3460; x_wconf 69' lang='lat' dir='ltr'><strong>t.</strong></span> <span class='ocrx_word' id='word_1_312' title='bbox 919 3405 1078 3461; x_wconf 84' lang='lat' dir='ltr'><strong>Sicut</strong></span> <span class='ocrx_word' id='word_1_313' title='bbox 1124 3407 1313 3476; x_wconf 78' lang='lat' dir='ltr'><strong>vulpes</strong></span> <span class='ocrx_word' id='word_1_314' title='bbox 1346 3407 1400 3461; x_wconf 92' lang='lat' dir='ltr'><strong>in</strong></span> <span class='ocrx_word' id='word_1_315' title='bbox 1450 3408 1684 3462; x_wconf 81' lang='lat' dir='ltr'><strong>desertis</strong></span> 
     </span>
    </p>
   </div>
   <div class='ocr_carea' id='block_1_32' title="bbox 32 3493 1687 3663">
    <p class='ocr_par' dir='ltr' id='par_1_33' title="bbox 32 3493 1687 3663">
     <span class='ocr_line' id='line_1_51' title="bbox 32 3493 1687 3570; baseline 0.004 -23"><span class='ocrx_word' id='word_1_316' title='bbox 32 3496 35 3525; x_wconf 48' lang='grc' dir='ltr'><strong>Γ</strong></span> <span class='ocrx_word' id='word_1_317' title='bbox 92 3497 384 3562; x_wconf 65' lang='lat' dir='ltr'><strong>prophetae</strong></span> <span class='ocrx_word' id='word_1_318' title='bbox 423 3495 525 3559; x_wconf 77' lang='lat' dir='ltr'><strong>ini,</strong></span> <span class='ocrx_word' id='word_1_319' title='bbox 577 3493 763 3560; x_wconf 79' lang='lat' dir='ltr'><strong>lsrael,</strong></span> <span class='ocrx_word' id='word_1_320' title='bbox 802 3501 870 3564; x_wconf 65' lang='lat'><strong>3³&lt;</strong></span> <span class='ocrx_word' id='word_1_321' title='bbox 898 3506 1056 3551; x_wconf 81' lang='lat' dir='ltr'><strong>erant</strong></span> <span class='ocrx_word' id='word_1_322' title='bbox 1085 3496 1108 3565; x_wconf 68' lang='grc' dir='ltr'>ζ</span> <span class='ocrx_word' id='word_1_323' title='bbox 1138 3516 1154 3552; x_wconf 76' lang='lat'>2</span> <span class='ocrx_word' id='word_1_324' title='bbox 1183 3498 1234 3551; x_wconf 86' lang='lat'><strong>5.</strong></span> <span class='ocrx_word' id='word_1_325' title='bbox 1278 3501 1342 3570; x_wconf 83' lang='lat' dir='ltr'><strong>(t)</strong></span> <span class='ocrx_word' id='word_1_326' title='bbox 1373 3514 1481 3552; x_wconf 92' lang='lat' dir='ltr'><strong>non</strong></span> <span class='ocrx_word' id='word_1_327' title='bbox 1517 3509 1687 3554; x_wconf 85' lang='lat' dir='ltr'><strong>stete-</strong></span> 
     </span>
     <span class='ocr_line' id='line_1_52' title="bbox 32 3584 1684 3663; baseline 0.006 -25"><span class='ocrx_word' id='word_1_328' title='bbox 32 3588 33 3593; x_wconf 77' lang='grc'>’</span> <span class='ocrx_word' id='word_1_329' title='bbox 95 3596 233 3640; x_wconf 86' lang='lat' dir='ltr'><strong>runt</strong></span> <span class='ocrx_word' id='word_1_330' title='bbox 283 3584 338 3638; x_wconf 91' lang='lat' dir='ltr'><strong>in</strong></span> <span class='ocrx_word' id='word_1_331' title='bbox 380 3586 678 3640; x_wconf 78' lang='lat' dir='ltr'><strong>firmitate:</strong></span> <span class='ocrx_word' id='word_1_332' title='bbox 729 3596 782 3642; x_wconf 84' lang='lat' dir='ltr'><strong>et</strong></span> <span class='ocrx_word' id='word_1_333' title='bbox 826 3596 1227 3658; x_wconf 72' lang='lat' dir='ltr'><strong>congregarunt</strong></span> <span class='ocrx_word' id='word_1_334' title='bbox 1273 3605 1461 3661; x_wconf 67' lang='lat' dir='ltr'><strong>greges</strong></span> <span class='ocrx_word' id='word_1_335' title='bbox 1515 3607 1684 3663; x_wconf 85' lang='lat' dir='ltr'><strong>super</strong></span> 
     </span>
    </p>
   </div>
   <div class='ocr_carea' id='block_1_33' title="bbox 91 3675 1684 4394">
    <p class='ocr_par' dir='ltr' id='par_1_34' title="bbox 91 3675 1684 4394">
     <span class='ocr_line' id='line_1_53' title="bbox 92 3675 1679 3752; baseline 0.005 -21"><span class='ocrx_word' id='word_1_336' title='bbox 92 3675 323 3731; x_wconf 88' lang='lat' dir='ltr'><strong>domum</strong></span> <span class='ocrx_word' id='word_1_337' title='bbox 356 3675 570 3732; x_wconf 77' lang='lat' dir='ltr'><strong>israelis</strong></span> <span class='ocrx_word' id='word_1_338' title='bbox 598 3697 610 3732; x_wconf 76' lang='grc' dir='ltr'>ε</span> <span class='ocrx_word' id='word_1_339' title='bbox 648 3694 754 3734; x_wconf 90' lang='lat' dir='ltr'><strong>non</strong></span> <span class='ocrx_word' id='word_1_340' title='bbox 804 3691 1240 3749; x_wconf 79' lang='lat' dir='ltr'><strong>resurrexerunt,</strong></span> <span class='ocrx_word' id='word_1_341' title='bbox 1272 3684 1366 3752; x_wconf 85' lang='lat' dir='ltr'><strong>qni</strong></span> <span class='ocrx_word' id='word_1_342' title='bbox 1403 3683 1595 3739; x_wconf 89' lang='lat' dir='ltr'><strong>dicunt</strong></span> <span class='ocrx_word' id='word_1_343' title='bbox 1626 3684 1679 3739; x_wconf 86' lang='lat' dir='ltr'><strong>in</strong></span> 
     </span>
     <span class='ocr_line' id='line_1_54' title="bbox 91 3767 1680 3843; baseline 0.005 -21"><span class='ocrx_word' id='word_1_344' title='bbox 91 3767 188 3823; x_wconf 85' lang='lat' dir='ltr'><strong>die</strong></span> <span class='ocrx_word' id='word_1_345' title='bbox 219 3768 455 3831; x_wconf 86' lang='lat' dir='ltr'><strong>Domini,</strong></span> <span class='ocrx_word' id='word_1_346' title='bbox 506 3770 562 3822; x_wconf 78' lang='grc' dir='ltr'><strong>ὅ.</strong></span> <span class='ocrx_word' id='word_1_347' title='bbox 607 3770 852 3824; x_wconf 75' lang='lat' dir='ltr'><strong>videntes</strong></span> <span class='ocrx_word' id='word_1_348' title='bbox 892 3772 1196 3834; x_wconf 71' lang='lat' dir='ltr'><strong>mendacia,</strong></span> <span class='ocrx_word' id='word_1_349' title='bbox 1243 3771 1320 3843; x_wconf 81' lang='lat' dir='ltr'><strong>(u)</strong></span> <span class='ocrx_word' id='word_1_350' title='bbox 1364 3771 1680 3830; x_wconf 74' lang='lat' dir='ltr'><strong>divinantes</strong></span> 
     </span>
     <span class='ocr_line' id='line_1_55' title="bbox 94 3859 1678 3931; baseline 0.004 -17"><span class='ocrx_word' id='word_1_351' title='bbox 94 3875 236 3916; x_wconf 77' lang='lat' dir='ltr'><strong>vana</strong></span> <span class='ocrx_word' id='word_1_352' title='bbox 273 3861 365 3930; x_wconf 88' lang='lat' dir='ltr'><strong>qni</strong></span> <span class='ocrx_word' id='word_1_353' title='bbox 404 3863 635 3917; x_wconf 77' lang='lat' dir='ltr'><strong>dieunt:</strong></span> <span class='ocrx_word' id='word_1_354' title='bbox 674 3859 817 3916; x_wconf 81' lang='lat' dir='ltr'><strong>Dicit</strong></span> <span class='ocrx_word' id='word_1_355' title='bbox 849 3861 1114 3919; x_wconf 87' lang='lat' dir='ltr'><strong>Dominus</strong></span> <span class='ocrx_word' id='word_1_356' title='bbox 1141 3880 1158 3931; x_wconf 90' lang='lat'>;</span> <span class='ocrx_word' id='word_1_357' title='bbox 1190 3873 1245 3918; x_wconf 87' lang='lat' dir='ltr'><strong>et</strong></span> <span class='ocrx_word' id='word_1_358' title='bbox 1281 3863 1544 3922; x_wconf 86' lang='lat' dir='ltr'><strong>Dominus</strong></span> <span class='ocrx_word' id='word_1_359' title='bbox 1571 3883 1678 3923; x_wconf 89' lang='lat' dir='ltr'><strong>non</strong></span> 
     </span>
     <span class='ocr_line' id='line_1_56' title="bbox 93 3956 1677 4025; baseline 0.003 -17"><span class='ocrx_word' id='word_1_360' title='bbox 93 3956 247 4009; x_wconf 81' lang='lat' dir='ltr'><strong>misit</strong></span> <span class='ocrx_word' id='word_1_361' title='bbox 297 3969 414 4015; x_wconf 86' lang='lat' dir='ltr'><strong>eos,</strong></span> <span class='ocrx_word' id='word_1_362' title='bbox 467 3967 523 4010; x_wconf 83' lang='lat' dir='ltr'><strong>et</strong></span> <span class='ocrx_word' id='word_1_363' title='bbox 575 3963 868 4025; x_wconf 82' lang='lat' dir='ltr'><strong>coeprrunt</strong></span> <span class='ocrx_word' id='word_1_364' title='bbox 915 3957 1186 4011; x_wconf 85' lang='lat' dir='ltr'><strong>suscitare</strong></span> <span class='ocrx_word' id='word_1_365' title='bbox 1244 3972 1575 4017; x_wconf 85' lang='lat' dir='ltr'><strong>sermonem.</strong></span> <span class='ocrx_word' id='word_1_366' title='bbox 1627 3959 1677 4013; x_wconf 85' lang='lat'><strong>7.</strong></span> 
     </span>
     <span class='ocr_line' id='line_1_57' title="bbox 93 4043 1683 4110; baseline 0.004 -11"><span class='ocrx_word' id='word_1_367' title='bbox 93 4043 290 4102; x_wconf 77' lang='lat' dir='ltr'><strong>Nonne</strong></span> <span class='ocrx_word' id='word_1_368' title='bbox 339 4047 604 4101; x_wconf 79' lang='lat' dir='ltr'><strong>visionem</strong></span> <span class='ocrx_word' id='word_1_369' title='bbox 644 4048 906 4100; x_wconf 75' lang='lat' dir='ltr'><strong>falsorum</strong></span> <span class='ocrx_word' id='word_1_370' title='bbox 952 4047 1184 4110; x_wconf 74' lang='lat' dir='ltr'><strong>vidistis,</strong></span> <span class='ocrx_word' id='word_1_371' title='bbox 1214 4060 1269 4103; x_wconf 87' lang='lat' dir='ltr'><strong>et</strong></span> <span class='ocrx_word' id='word_1_372' title='bbox 1314 4050 1683 4106; x_wconf 77' lang='lat' dir='ltr'><strong>divinationes</strong></span> 
     </span>
     <span class='ocr_line' id='line_1_58' title="bbox 93 4138 1684 4209; baseline 0.003 -17"><span class='ocrx_word' id='word_1_373' title='bbox 93 4155 268 4195; x_wconf 78' lang='lat' dir='ltr'><strong>varias</strong></span> <span class='ocrx_word' id='word_1_374' title='bbox 305 4139 577 4194; x_wconf 71' lang='lat' dir='ltr'><strong>dixistis?</strong></span> <span class='ocrx_word' id='word_1_375' title='bbox 614 4141 678 4206; x_wconf 56' lang='grc' dir='ltr'>Χ</span> <span class='ocrx_word' id='word_1_376' title='bbox 720 4147 776 4193; x_wconf 85' lang='lat' dir='ltr'><strong>et</strong></span> <span class='ocrx_word' id='word_1_377' title='bbox 817 4138 1033 4193; x_wconf 72' lang='lat' dir='ltr'><strong>dixistis</strong></span> <span class='ocrx_word' id='word_1_378' title='bbox 1067 4157 1080 4193; x_wconf 77' lang='lat' dir='ltr'><strong><em>z</em></strong></span> <span class='ocrx_word' id='word_1_379' title='bbox 1122 4139 1267 4193; x_wconf 86' lang='lat' dir='ltr'><strong>Dicit</strong></span> <span class='ocrx_word' id='word_1_380' title='bbox 1292 4138 1594 4209; x_wconf 87' lang='lat' dir='ltr'><strong>Dominns;</strong></span> <span class='ocrx_word' id='word_1_381' title='bbox 1629 4150 1684 4197; x_wconf 76' lang='lat' dir='ltr'><strong>et</strong></span> 
     </span>
     <span class='ocr_line' id='line_1_59' title="bbox 96 4230 1684 4303; baseline 0 -16"><span class='ocrx_word' id='word_1_382' title='bbox 96 4248 202 4303; x_wconf 75' lang='lat' dir='ltr'><strong>ego</strong></span> <span class='ocrx_word' id='word_1_383' title='bbox 234 4247 340 4286; x_wconf 91' lang='lat' dir='ltr'><strong>non</strong></span> <span class='ocrx_word' id='word_1_384' title='bbox 373 4231 589 4287; x_wconf 83' lang='lat' dir='ltr'><strong>locutus</strong></span> <span class='ocrx_word' id='word_1_385' title='bbox 633 4247 755 4286; x_wconf 88' lang='lat' dir='ltr'><strong>sum</strong></span> <span class='ocrx_word' id='word_1_386' title='bbox 800 4230 847 4299; x_wconf 73' lang='grc' dir='ltr'><strong>ζ.</strong></span> <span class='ocrx_word' id='word_1_387' title='bbox 882 4230 936 4285; x_wconf 91' lang='grc'><strong>8.</strong></span> <span class='ocrx_word' id='word_1_388' title='bbox 971 4231 1201 4300; x_wconf 85' lang='lat' dir='ltr'><strong>Propter</strong></span> <span class='ocrx_word' id='word_1_389' title='bbox 1231 4231 1335 4285; x_wconf 87' lang='lat' dir='ltr'><strong>hoc</strong></span> <span class='ocrx_word' id='word_1_390' title='bbox 1378 4232 1504 4287; x_wconf 86' lang='lat' dir='ltr'><strong>die:</strong></span> <span class='ocrx_word' id='word_1_391' title='bbox 1559 4232 1684 4288; x_wconf 78' lang='lat' dir='ltr'><strong>llaee</strong></span> 
     </span>
     <span class='ocr_line' id='line_1_60' title="bbox 98 4322 1681 4394; baseline -0.001 -14"><span class='ocrx_word' id='word_1_392' title='bbox 98 4325 236 4380; x_wconf 86' lang='lat' dir='ltr'><strong>dicit</strong></span> <span class='ocrx_word' id='word_1_393' title='bbox 265 4323 475 4378; x_wconf 78' lang='lat' dir='ltr'><strong>Adonai</strong></span> <span class='ocrx_word' id='word_1_394' title='bbox 511 4322 817 4378; x_wconf 86' lang='lat' dir='ltr'><strong>Dominus:</strong></span> <span class='ocrx_word' id='word_1_395' title='bbox 854 4324 965 4377; x_wconf 90' lang='lat' dir='ltr'><strong>Pro</strong></span> <span class='ocrx_word' id='word_1_396' title='bbox 997 4339 1064 4379; x_wconf 90' lang='lat' dir='ltr'><strong>eo</strong></span> <span class='ocrx_word' id='word_1_397' title='bbox 1101 4323 1248 4394; x_wconf 87' lang='lat' dir='ltr'><strong>quod</strong></span> <span class='ocrx_word' id='word_1_398' title='bbox 1285 4323 1450 4378; x_wconf 88' lang='lat' dir='ltr'><strong>verba</strong></span> <span class='ocrx_word' id='word_1_399' title='bbox 1503 4332 1681 4379; x_wconf 82' lang='lat' dir='ltr'><strong>vestra</strong></span> 
     </span>
    </p>
   </div>
   <div class='ocr_carea' id='block_1_34' title="bbox 1660 3091 1750 3150">
    <p class='ocr_par' dir='ltr' id='par_1_35' title="bbox 1660 3091 1750 3150">
     <span class='ocr_line' id='line_1_61' title="bbox 1660 3091 1750 3150; baseline 0 0"><span class='ocrx_word' id='word_1_400' title='bbox 1660 3091 1674 3116; x_wconf 85' lang='lat'>’</span> <span class='ocrx_word' id='word_1_401' title='bbox 1704 3092 1750 3150; x_wconf 83' lang='lat' dir='ltr'>C</span> 
     </span>
    </p>
   </div>
   <div class='ocr_carea' id='block_1_35' title="bbox 1782 462 3372 4398">
    <p class='ocr_par' dir='ltr' id='par_1_36' title="bbox 1782 462 3372 4398">
     <span class='ocr_line' id='line_1_62' title="bbox 1796 462 3364 539; baseline -0.006 -15"><span class='ocrx_word' id='word_1_402' title='bbox 1796 469 1985 539; x_wconf 84' lang='lat' dir='ltr'><strong>pulum</strong></span> <span class='ocrx_word' id='word_1_403' title='bbox 2028 485 2232 531; x_wconf 85' lang='lat' dir='ltr'><strong>meum,</strong></span> <span class='ocrx_word' id='word_1_404' title='bbox 2258 469 2535 524; x_wconf 81' lang='lat' dir='ltr'><strong>dicentes:</strong></span> <span class='ocrx_word' id='word_1_405' title='bbox 2566 466 2701 531; x_wconf 79' lang='lat' dir='ltr'><strong>Pax,</strong></span> <span class='ocrx_word' id='word_1_406' title='bbox 2730 476 2783 522; x_wconf 84' lang='lat' dir='ltr'><strong>et</strong></span> <span class='ocrx_word' id='word_1_407' title='bbox 2821 480 2930 518; x_wconf 88' lang='lat' dir='ltr'><strong>non</strong></span> <span class='ocrx_word' id='word_1_408' title='bbox 2960 473 3080 518; x_wconf 87' lang='lat' dir='ltr'><strong>erat</strong></span> <span class='ocrx_word' id='word_1_409' title='bbox 3112 478 3251 531; x_wconf 79' lang='lat' dir='ltr'><strong>pax:</strong></span> <span class='ocrx_word' id='word_1_410' title='bbox 3287 462 3364 533; x_wconf 69' lang='grc' dir='ltr'>(α’)</span> 
     </span>
     <span class='ocr_line' id='line_1_63' title="bbox 1793 554 3367 628; baseline -0.004 -14"><span class='ocrx_word' id='word_1_411' title='bbox 1793 569 1845 615; x_wconf 78' lang='lat' dir='ltr'><strong>et</strong></span> <span class='ocrx_word' id='word_1_412' title='bbox 1887 560 1992 616; x_wconf 89' lang='lat' dir='ltr'><strong>iste</strong></span> <span class='ocrx_word' id='word_1_413' title='bbox 2038 560 2272 615; x_wconf 80' lang='lat' dir='ltr'><strong>a.·dilicat</strong></span> <span class='ocrx_word' id='word_1_414' title='bbox 2314 559 2594 628; x_wconf 87' lang='lat' dir='ltr'><strong>parietem,</strong></span> <span class='ocrx_word' id='word_1_415' title='bbox 2632 567 2686 611; x_wconf 89' lang='lat' dir='ltr'><strong>et</strong></span> <span class='ocrx_word' id='word_1_416' title='bbox 2726 557 2814 611; x_wconf 88' lang='lat' dir='ltr'><strong>isti</strong></span> <span class='ocrx_word' id='word_1_417' title='bbox 2858 555 3037 610; x_wconf 80' lang='lat' dir='ltr'><strong>linunt</strong></span> <span class='ocrx_word' id='word_1_418' title='bbox 3082 570 3207 610; x_wconf 88' lang='lat' dir='ltr'><strong>eum</strong></span> <span class='ocrx_word' id='word_1_419' title='bbox 3247 554 3367 609; x_wconf 87' lang='lat' dir='ltr'><strong>sine</strong></span> 
     </span>
     <span class='ocr_line' id='line_1_64' title="bbox 1797 645 3366 718; baseline -0.005 -12"><span class='ocrx_word' id='word_1_420' title='bbox 1797 653 2031 718; x_wconf 87' lang='lat' dir='ltr'><strong>ratione,</strong></span> <span class='ocrx_word' id='word_1_421' title='bbox 2062 651 2291 706; x_wconf 69' lang='lat' dir='ltr'><strong>emireus</strong></span> <span class='ocrx_word' id='word_1_422' title='bbox 2314 649 2472 704; x_wconf 81' lang='lat' dir='ltr'><strong>cadet</strong></span> <span class='ocrx_word' id='word_1_423' title='bbox 2504 648 2553 716; x_wconf 71' lang='grc' dir='ltr'><strong>ζ.</strong></span> <span class='ocrx_word' id='word_1_424' title='bbox 2586 649 2673 701; x_wconf 91' lang='grc'><strong>11.</strong></span> <span class='ocrx_word' id='word_1_425' title='bbox 2695 645 2788 700; x_wconf 89' lang='lat' dir='ltr'><strong>Die</strong></span> <span class='ocrx_word' id='word_1_426' title='bbox 2822 646 2887 700; x_wconf 88' lang='lat' dir='ltr'><strong>ad</strong></span> <span class='ocrx_word' id='word_1_427' title='bbox 2917 661 3035 710; x_wconf 88' lang='lat' dir='ltr'><strong>eos,</strong></span> <span class='ocrx_word' id='word_1_428' title='bbox 3065 646 3159 715; x_wconf 87' lang='lat' dir='ltr'><strong>qui</strong></span> <span class='ocrx_word' id='word_1_429' title='bbox 3186 645 3366 699; x_wconf 81' lang='lat' dir='ltr'><strong>linunt</strong></span> 
     </span>
     <span class='ocr_line' id='line_1_65' title="bbox 1795 738 3365 807; baseline -0.004 -9"><span class='ocrx_word' id='word_1_430' title='bbox 1795 742 1913 799; x_wconf 87' lang='lat' dir='ltr'><strong>sine</strong></span> <span class='ocrx_word' id='word_1_431' title='bbox 1948 744 2206 798; x_wconf 83' lang='lat' dir='ltr'><strong>ratione:</strong></span> <span class='ocrx_word' id='word_1_432' title='bbox 2242 741 2433 807; x_wconf 84' lang='lat' dir='ltr'><strong>Cadet,</strong></span> <span class='ocrx_word' id='word_1_433' title='bbox 2490 749 2547 794; x_wconf 87' lang='lat' dir='ltr'><strong>et</strong></span> <span class='ocrx_word' id='word_1_434' title='bbox 2582 739 2687 794; x_wconf 88' lang='lat' dir='ltr'><strong>erit</strong></span> <span class='ocrx_word' id='word_1_435' title='bbox 2735 739 2917 807; x_wconf 86' lang='lat' dir='ltr'><strong>pluvia</strong></span> <span class='ocrx_word' id='word_1_436' title='bbox 2967 738 3262 802; x_wconf 82' lang='lat' dir='ltr'><strong>inundans,</strong></span> <span class='ocrx_word' id='word_1_437' title='bbox 3309 746 3365 792; x_wconf 71' lang='lat' dir='ltr'><strong>et</strong></span> 
     </span>
     <span class='ocr_line' id='line_1_66' title="bbox 1793 828 3363 904; baseline -0.005 -15"><span class='ocrx_word' id='word_1_438' title='bbox 1793 834 1937 889; x_wconf 87' lang='lat' dir='ltr'><strong>dabo</strong></span> <span class='ocrx_word' id='word_1_439' title='bbox 1966 834 2174 904; x_wconf 82' lang='lat' dir='ltr'><strong>lapides</strong></span> <span class='ocrx_word' id='word_1_440' title='bbox 2203 831 2551 902; x_wconf 70' lang='lat' dir='ltr'><strong>praegrandes</strong></span> <span class='ocrx_word' id='word_1_441' title='bbox 2585 844 2649 885; x_wconf 80' lang='lat' dir='ltr'><strong>-t-</strong></span> <span class='ocrx_word' id='word_1_442' title='bbox 2681 831 2735 883; x_wconf 90' lang='lat' dir='ltr'><strong>in</strong></span> <span class='ocrx_word' id='word_1_443' title='bbox 2764 829 3052 898; x_wconf 72' lang='lat' dir='ltr'><strong>juncturas</strong></span> <span class='ocrx_word' id='word_1_444' title='bbox 3083 841 3270 882; x_wconf 85' lang='lat' dir='ltr'><strong>eorum</strong></span> <span class='ocrx_word' id='word_1_445' title='bbox 3310 828 3363 898; x_wconf 71' lang='grc' dir='ltr'><strong>ζ,</strong></span> 
     </span>
     <span class='ocr_line' id='line_1_67' title="bbox 1793 919 3363 989; baseline -0.006 -7"><span class='ocrx_word' id='word_1_446' title='bbox 1793 927 2015 989; x_wconf 87' lang='lat' dir='ltr'><strong>cadent,</strong></span> <span class='ocrx_word' id='word_1_447' title='bbox 2058 935 2112 980; x_wconf 84' lang='lat' dir='ltr'><strong>et</strong></span> <span class='ocrx_word' id='word_1_448' title='bbox 2164 934 2389 979; x_wconf 82' lang='lat' dir='ltr'><strong>ventum</strong></span> <span class='ocrx_word' id='word_1_449' title='bbox 2444 922 2808 985; x_wconf 84' lang='lat' dir='ltr'><strong>anlerentem,</strong></span> <span class='ocrx_word' id='word_1_450' title='bbox 2857 928 2912 971; x_wconf 91' lang='lat' dir='ltr'><strong>et</strong></span> <span class='ocrx_word' id='word_1_451' title='bbox 2972 919 3363 987; x_wconf 82' lang='lat' dir='ltr'><strong>disrumpetur.</strong></span> 
     </span>
     <span class='ocr_line' id='line_1_68' title="bbox 1797 1009 3366 1086; baseline -0.007 -12"><span class='ocrx_word' id='word_1_452' title='bbox 1797 1019 1882 1074; x_wconf 73' lang='lat'><strong>¹2.</strong></span> <span class='ocrx_word' id='word_1_453' title='bbox 1905 1018 1969 1073; x_wconf 86' lang='lat' dir='ltr'><strong>Et</strong></span> <span class='ocrx_word' id='word_1_454' title='bbox 1994 1034 2119 1074; x_wconf 86' lang='lat' dir='ltr'><strong>eece</strong></span> <span class='ocrx_word' id='word_1_455' title='bbox 2148 1017 2342 1073; x_wconf 89' lang='lat' dir='ltr'><strong>cecidit</strong></span> <span class='ocrx_word' id='word_1_456' title='bbox 2371 1015 2577 1086; x_wconf 87' lang='lat' dir='ltr'><strong>paries,</strong></span> <span class='ocrx_word' id='word_1_457' title='bbox 2603 1012 2677 1081; x_wconf 77' lang='lat' dir='ltr'><strong>(y)</strong></span> <span class='ocrx_word' id='word_1_458' title='bbox 2711 1021 2766 1065; x_wconf 93' lang='lat' dir='ltr'><strong>et</strong></span> <span class='ocrx_word' id='word_1_459' title='bbox 2791 1026 2900 1065; x_wconf 87' lang='lat' dir='ltr'><strong>non</strong></span> <span class='ocrx_word' id='word_1_460' title='bbox 2933 1009 3115 1063; x_wconf 78' lang='lat' dir='ltr'><strong>dicent</strong></span> <span class='ocrx_word' id='word_1_461' title='bbox 3143 1010 3210 1062; x_wconf 85' lang='lat' dir='ltr'><strong>ad</strong></span> <span class='ocrx_word' id='word_1_462' title='bbox 3236 1024 3366 1064; x_wconf 84' lang='lat' dir='ltr'><strong>vos:</strong></span> 
     </span>
     <span class='ocr_line' id='line_1_69' title="bbox 1794 1098 3372 1186; baseline -0.008 -20"><span class='ocrx_word' id='word_1_463' title='bbox 1794 1109 1895 1166; x_wconf 87' lang='lat' dir='ltr'><strong>Ubi</strong></span> <span class='ocrx_word' id='word_1_464' title='bbox 1927 1121 2012 1166; x_wconf 90' lang='lat' dir='ltr'><strong>est</strong></span> <span class='ocrx_word' id='word_1_465' title='bbox 2051 1111 2213 1164; x_wconf 90' lang='lat' dir='ltr'><strong>litura</strong></span> <span class='ocrx_word' id='word_1_466' title='bbox 2248 1116 2453 1168; x_wconf 85' lang='lat' dir='ltr'><strong>vestra,</strong></span> <span class='ocrx_word' id='word_1_467' title='bbox 2484 1121 2647 1175; x_wconf 81' lang='lat' dir='ltr'><strong>quam</strong></span> <span class='ocrx_word' id='word_1_468' title='bbox 2684 1100 2985 1186; x_wconf 77' lang='lat' dir='ltr'><strong>linivistis?</strong></span> <span class='ocrx_word' id='word_1_469' title='bbox 3020 1100 3105 1154; x_wconf 71' lang='lat'><strong>13.</strong></span> <span class='ocrx_word' id='word_1_470' title='bbox 3138 1098 3372 1169; x_wconf 85' lang='lat' dir='ltr'><strong>Propter</strong></span> 
     </span>
     <span class='ocr_line' id='line_1_70' title="bbox 1793 1188 3367 1258; baseline -0.011 -2"><span class='ocrx_word' id='word_1_471' title='bbox 1793 1203 1897 1257; x_wconf 89' lang='lat' dir='ltr'><strong>boc</strong></span> <span class='ocrx_word' id='word_1_472' title='bbox 1924 1200 2041 1254; x_wconf 66' lang='lat' dir='ltr'><strong>baec</strong></span> <span class='ocrx_word' id='word_1_473' title='bbox 2079 1200 2213 1254; x_wconf 88' lang='lat' dir='ltr'><strong>dicit</strong></span> <span class='ocrx_word' id='word_1_474' title='bbox 2250 1195 2461 1252; x_wconf 86' lang='lat' dir='ltr'><strong>Adonai</strong></span> <span class='ocrx_word' id='word_1_475' title='bbox 2516 1193 2819 1248; x_wconf 83' lang='lat' dir='ltr'><strong>Dominus:</strong></span> <span class='ocrx_word' id='word_1_476' title='bbox 2866 1189 3040 1243; x_wconf 85' lang='lat' dir='ltr'><strong>Etiam</strong></span> <span class='ocrx_word' id='word_1_477' title='bbox 3085 1188 3367 1258; x_wconf 80' lang='lat' dir='ltr'><strong>projiciam</strong></span> 
     </span>
     <span class='ocr_line' id='line_1_71' title="bbox 1791 1278 3369 1350; baseline -0.011 -1"><span class='ocrx_word' id='word_1_478' title='bbox 1791 1294 1977 1350; x_wconf 85' lang='lat' dir='ltr'><strong>ilatnm</strong></span> <span class='ocrx_word' id='word_1_479' title='bbox 2014 1290 2351 1345; x_wconf 72' lang='lat' dir='ltr'><strong>auferentem</strong></span> <span class='ocrx_word' id='word_1_480' title='bbox 2378 1302 2501 1342; x_wconf 90' lang='lat' dir='ltr'><strong>cum</strong></span> <span class='ocrx_word' id='word_1_481' title='bbox 2539 1285 2726 1339; x_wconf 85' lang='lat' dir='ltr'><strong>lurore</strong></span> <span class='ocrx_word' id='word_1_482' title='bbox 2747 1298 2891 1347; x_wconf 78' lang='lat' dir='ltr'><strong>nien,</strong></span> <span class='ocrx_word' id='word_1_483' title='bbox 2920 1290 2975 1335; x_wconf 89' lang='lat' dir='ltr'><strong>et</strong></span> <span class='ocrx_word' id='word_1_484' title='bbox 3002 1279 3184 1350; x_wconf 88' lang='lat' dir='ltr'><strong>pluvia</strong></span> <span class='ocrx_word' id='word_1_485' title='bbox 3205 1278 3369 1332; x_wconf 87' lang='lat' dir='ltr'><strong>inun-</strong></span> 
     </span>
     <span class='ocr_line' id='line_1_72' title="bbox 1789 1372 3370 1447; baseline -0.013 -4"><span class='ocrx_word' id='word_1_486' title='bbox 1789 1389 1929 1443; x_wconf 88' lang='lat' dir='ltr'><strong>dans</strong></span> <span class='ocrx_word' id='word_1_487' title='bbox 1964 1384 2123 1440; x_wconf 89' lang='lat' dir='ltr'><strong>inira</strong></span> <span class='ocrx_word' id='word_1_488' title='bbox 2160 1398 2278 1437; x_wconf 86' lang='lat' dir='ltr'><strong>mea</strong></span> <span class='ocrx_word' id='word_1_489' title='bbox 2308 1381 2433 1446; x_wconf 84' lang='lat' dir='ltr'><strong>erit,</strong></span> <span class='ocrx_word' id='word_1_490' title='bbox 2460 1388 2514 1434; x_wconf 86' lang='lat' dir='ltr'><strong>et</strong></span> <span class='ocrx_word' id='word_1_491' title='bbox 2553 1378 2758 1447; x_wconf 89' lang='lat' dir='ltr'><strong>lapides</strong></span> <span class='ocrx_word' id='word_1_492' title='bbox 2798 1375 3144 1446; x_wconf 74' lang='lat' dir='ltr'><strong>praegrandes</strong></span> <span class='ocrx_word' id='word_1_493' title='bbox 3179 1374 3233 1426; x_wconf 91' lang='lat' dir='ltr'><strong>in</strong></span> <span class='ocrx_word' id='word_1_494' title='bbox 3286 1372 3370 1425; x_wconf 79' lang='grc'><strong>10-</strong></span> 
     </span>
     <span class='ocr_line' id='line_1_73' title="bbox 1791 1468 3367 1537; baseline -0.013 0"><span class='ocrx_word' id='word_1_495' title='bbox 1791 1496 1917 1537; x_wconf 88' lang='lat' dir='ltr'><strong>rore</strong></span> <span class='ocrx_word' id='word_1_496' title='bbox 1940 1479 2194 1534; x_wconf 85' lang='lat' dir='ltr'><strong>inducam</strong></span> <span class='ocrx_word' id='word_1_497' title='bbox 2231 1476 2286 1530; x_wconf 90' lang='lat' dir='ltr'><strong>in</strong></span> <span class='ocrx_word' id='word_1_498' title='bbox 2313 1472 2838 1528; x_wconf 82' lang='lat' dir='ltr'><strong>consummationem</strong></span> <span class='ocrx_word' id='word_1_499' title='bbox 2870 1487 2885 1524; x_wconf 70' lang='grc' dir='ltr'><strong>ι</strong></span> <span class='ocrx_word' id='word_1_500' title='bbox 2921 1468 3008 1522; x_wconf 71' lang='grc'><strong>14.</strong></span> <span class='ocrx_word' id='word_1_501' title='bbox 3047 1475 3099 1521; x_wconf 83' lang='lat' dir='ltr'><strong>et</strong></span> <span class='ocrx_word' id='word_1_502' title='bbox 3124 1472 3367 1520; x_wconf 74' lang='lat' dir='ltr'><strong>evertam</strong></span> 
     </span>
     <span class='ocr_line' id='line_1_74' title="bbox 1793 1564 3363 1646; baseline -0.013 -17"><span class='ocrx_word' id='word_1_503' title='bbox 1793 1573 2079 1646; x_wconf 75' lang='lat' dir='ltr'><strong>parietem,</strong></span> <span class='ocrx_word' id='word_1_504' title='bbox 2104 1584 2264 1640; x_wconf 89' lang='lat' dir='ltr'><strong>quem</strong></span> <span class='ocrx_word' id='word_1_505' title='bbox 2296 1565 2576 1624; x_wconf 85' lang='lat' dir='ltr'><strong>linivistis,</strong></span> <span class='ocrx_word' id='word_1_506' title='bbox 2606 1572 2664 1617; x_wconf 90' lang='lat' dir='ltr'><strong>ut</strong></span> <span class='ocrx_word' id='word_1_507' title='bbox 2701 1564 2861 1617; x_wconf 84' lang='lat' dir='ltr'><strong>cadat</strong></span> <span class='ocrx_word' id='word_1_508' title='bbox 2887 1580 2899 1615; x_wconf 90' lang='lat'>:</span> <span class='ocrx_word' id='word_1_509' title='bbox 2933 1571 2985 1615; x_wconf 92' lang='lat' dir='ltr'><strong>et</strong></span> <span class='ocrx_word' id='word_1_510' title='bbox 3006 1573 3209 1631; x_wconf 83' lang='lat' dir='ltr'><strong>ponam</strong></span> <span class='ocrx_word' id='word_1_511' title='bbox 3236 1571 3363 1611; x_wconf 89' lang='lat' dir='ltr'><strong>eum</strong></span> 
     </span>
     <span class='ocr_line' id='line_1_75' title="bbox 1793 1650 3366 1737; baseline -0.013 -15"><span class='ocrx_word' id='word_1_512' title='bbox 1793 1681 1959 1737; x_wconf 88' lang='lat' dir='ltr'><strong>super</strong></span> <span class='ocrx_word' id='word_1_513' title='bbox 1999 1674 2221 1726; x_wconf 88' lang='lat' dir='ltr'><strong>terram,</strong></span> <span class='ocrx_word' id='word_1_514' title='bbox 2259 1670 2313 1715; x_wconf 86' lang='lat' dir='ltr'><strong>ct</strong></span> <span class='ocrx_word' id='word_1_515' title='bbox 2355 1659 2675 1727; x_wconf 84' lang='lat' dir='ltr'><strong>detegentur</strong></span> <span class='ocrx_word' id='word_1_516' title='bbox 2727 1653 3077 1707; x_wconf 77' lang='lat' dir='ltr'><strong>fundamenta</strong></span> <span class='ocrx_word' id='word_1_517' title='bbox 3121 1650 3263 1720; x_wconf 84' lang='lat' dir='ltr'><strong>ejus,</strong></span> <span class='ocrx_word' id='word_1_518' title='bbox 3311 1656 3366 1701; x_wconf 88' lang='lat' dir='ltr'><strong>et</strong></span> 
     </span>
     <span class='ocr_line' id='line_1_76' title="bbox 1789 1743 3370 1825; baseline -0.013 -10"><span class='ocrx_word' id='word_1_519' title='bbox 1789 1760 1988 1825; x_wconf 87' lang='lat' dir='ltr'><strong>cadet,</strong></span> <span class='ocrx_word' id='word_1_520' title='bbox 2023 1767 2079 1812; x_wconf 89' lang='lat' dir='ltr'><strong>et</strong></span> <span class='ocrx_word' id='word_1_521' title='bbox 2124 1762 2479 1811; x_wconf 84' lang='lat' dir='ltr'><strong>consumetur</strong></span> <span class='ocrx_word' id='word_1_522' title='bbox 2529 1764 2653 1804; x_wconf 84' lang='lat' dir='ltr'><strong>cum</strong></span> <span class='ocrx_word' id='word_1_523' title='bbox 2708 1743 3263 1817; x_wconf 79' lang='lat' dir='ltr'><strong>repreliensinnibns,</strong></span> <span class='ocrx_word' id='word_1_524' title='bbox 3312 1747 3370 1795; x_wconf 83' lang='lat' dir='ltr'><strong>et</strong></span> 
     </span>
     <span class='ocr_line' id='line_1_77' title="bbox 1791 1833 3355 1922; baseline -0.016 -16"><span class='ocrx_word' id='word_1_525' title='bbox 1791 1849 2153 1922; x_wconf 58' lang='lat' dir='ltr'><strong>cognoscem,</strong></span> <span class='ocrx_word' id='word_1_526' title='bbox 2203 1847 2330 1915; x_wconf 81' lang='lat' dir='ltr'><strong>quia</strong></span> <span class='ocrx_word' id='word_1_527' title='bbox 2363 1857 2464 1914; x_wconf 82' lang='lat' dir='ltr'><strong>ego</strong></span> <span class='ocrx_word' id='word_1_528' title='bbox 2512 1840 2797 1894; x_wconf 88' lang='lat' dir='ltr'><strong>Dominus.</strong></span> <span class='ocrx_word' id='word_1_529' title='bbox 2836 1838 2924 1892; x_wconf 63' lang='lat'><strong>15,</strong></span> <span class='ocrx_word' id='word_1_530' title='bbox 2965 1837 3026 1890; x_wconf 82' lang='lat' dir='ltr'><strong>Et</strong></span> <span class='ocrx_word' id='word_1_531' title='bbox 3068 1833 3355 1902; x_wconf 78' lang='lat' dir='ltr'><strong>complebo</strong></span> 
     </span>
     <span class='ocr_line' id='line_1_78' title="bbox 1792 1922 3365 2006; baseline -0.013 -9"><span class='ocrx_word' id='word_1_532' title='bbox 1792 1943 2031 1997; x_wconf 75' lang='lat' dir='ltr'><strong>furorem</strong></span> <span class='ocrx_word' id='word_1_533' title='bbox 2070 1954 2250 1993; x_wconf 87' lang='lat' dir='ltr'><strong>meum</strong></span> <span class='ocrx_word' id='word_1_534' title='bbox 2300 1950 2465 2006; x_wconf 89' lang='lat' dir='ltr'><strong>super</strong></span> <span class='ocrx_word' id='word_1_535' title='bbox 2493 1932 2754 2003; x_wconf 83' lang='lat' dir='ltr'><strong>parietem</strong></span> <span class='ocrx_word' id='word_1_536' title='bbox 2777 1971 2791 1993; x_wconf 91' lang='lat'><strong>,</strong></span> <span class='ocrx_word' id='word_1_537' title='bbox 2821 1937 2875 1983; x_wconf 89' lang='lat' dir='ltr'><strong>et</strong></span> <span class='ocrx_word' id='word_1_538' title='bbox 2930 1943 3096 1996; x_wconf 86' lang='lat' dir='ltr'><strong>super</strong></span> <span class='ocrx_word' id='word_1_539' title='bbox 3127 1940 3244 1988; x_wconf 91' lang='lat' dir='ltr'><strong>eos,</strong></span> <span class='ocrx_word' id='word_1_540' title='bbox 3271 1922 3365 1991; x_wconf 82' lang='lat' dir='ltr'><strong>qui</strong></span> 
     </span>
     <span class='ocr_line' id='line_1_79' title="bbox 1791 2016 3367 2098; baseline -0.016 -8"><span class='ocrx_word' id='word_1_541' title='bbox 1791 2034 1971 2090; x_wconf 88' lang='lat' dir='ltr'><strong>linunt</strong></span> <span class='ocrx_word' id='word_1_542' title='bbox 2008 2047 2157 2098; x_wconf 86' lang='lat' dir='ltr'><strong>eum,</strong></span> <span class='ocrx_word' id='word_1_543' title='bbox 2187 2041 2234 2083; x_wconf 80' lang='lat' dir='ltr'><strong>e:</strong></span> <span class='ocrx_word' id='word_1_544' title='bbox 2272 2028 2450 2082; x_wconf 80' lang='lat' dir='ltr'><strong>cadet.</strong></span> <span class='ocrx_word' id='word_1_545' title='bbox 2489 2024 2556 2078; x_wconf 84' lang='lat' dir='ltr'><strong>Et</strong></span> <span class='ocrx_word' id='word_1_546' title='bbox 2591 2022 2703 2077; x_wconf 82' lang='lat' dir='ltr'><strong>dixi</strong></span> <span class='ocrx_word' id='word_1_547' title='bbox 2732 2022 2799 2076; x_wconf 88' lang='lat' dir='ltr'><strong>ad</strong></span> <span class='ocrx_word' id='word_1_548' title='bbox 2845 2035 2977 2074; x_wconf 88' lang='lat' dir='ltr'><strong>vos:</strong></span> <span class='ocrx_word' id='word_1_549' title='bbox 3011 2016 3128 2073; x_wconf 86' lang='lat' dir='ltr'><strong>Non</strong></span> <span class='ocrx_word' id='word_1_550' title='bbox 3160 2023 3243 2071; x_wconf 82' lang='lat' dir='ltr'><strong>est</strong></span> <span class='ocrx_word' id='word_1_551' title='bbox 3273 2030 3367 2078; x_wconf 86' lang='lat' dir='ltr'><strong>pa-</strong></span> 
     </span>
     <span class='ocr_line' id='line_1_80' title="bbox 1791 2104 3371 2192; baseline -0.015 -13"><span class='ocrx_word' id='word_1_552' title='bbox 1791 2125 1925 2190; x_wconf 82' lang='lat' dir='ltr'><strong>ries,</strong></span> <span class='ocrx_word' id='word_1_553' title='bbox 1993 2137 2171 2192; x_wconf 86' lang='lat' dir='ltr'><strong>neque</strong></span> <span class='ocrx_word' id='word_1_554' title='bbox 2229 2118 2324 2189; x_wconf 81' lang='lat' dir='ltr'><strong>qui</strong></span> <span class='ocrx_word' id='word_1_555' title='bbox 2375 2116 2554 2170; x_wconf 86' lang='lat' dir='ltr'><strong>linunt</strong></span> <span class='ocrx_word' id='word_1_556' title='bbox 2602 2129 2749 2168; x_wconf 87' lang='lat' dir='ltr'><strong>eum.</strong></span> <span class='ocrx_word' id='word_1_557' title='bbox 2800 2110 2889 2166; x_wconf 87' lang='grc'><strong>16.</strong></span> <span class='ocrx_word' id='word_1_558' title='bbox 2953 2107 3027 2180; x_wconf 80' lang='lat' dir='ltr'><strong>(z)</strong></span> <span class='ocrx_word' id='word_1_559' title='bbox 3088 2104 3371 2176; x_wconf 71' lang='lat' dir='ltr'><strong>Prophetae</strong></span> 
     </span>
     <span class='ocr_line' id='line_1_81' title="bbox 1792 2193 3368 2282; baseline -0.013 -14"><span class='ocrx_word' id='word_1_560' title='bbox 1792 2213 2045 2279; x_wconf 80' lang='lat' dir='ltr'><strong>Israelis,</strong></span> <span class='ocrx_word' id='word_1_561' title='bbox 2081 2211 2174 2282; x_wconf 81' lang='lat' dir='ltr'><strong>qui</strong></span> <span class='ocrx_word' id='word_1_562' title='bbox 2218 2209 2567 2280; x_wconf 62' lang='lat' dir='ltr'><strong>‚prophetant</strong></span> <span class='ocrx_word' id='word_1_563' title='bbox 2622 2220 2790 2274; x_wconf 88' lang='lat' dir='ltr'><strong>super</strong></span> <span class='ocrx_word' id='word_1_564' title='bbox 2831 2199 3156 2263; x_wconf 76' lang='lat' dir='ltr'><strong>Jerusalem,</strong></span> <span class='ocrx_word' id='word_1_565' title='bbox 3188 2204 3243 2251; x_wconf 87' lang='lat' dir='ltr'><strong>et</strong></span> <span class='ocrx_word' id='word_1_566' title='bbox 3274 2193 3368 2265; x_wconf 86' lang='lat' dir='ltr'><strong>qui</strong></span> 
     </span>
     <span class='ocr_line' id='line_1_82' title="bbox 1789 2284 3367 2374; baseline -0.019 -10"><span class='ocrx_word' id='word_1_567' title='bbox 1789 2309 1977 2364; x_wconf 86' lang='lat' dir='ltr'><strong>vident</strong></span> <span class='ocrx_word' id='word_1_568' title='bbox 2007 2306 2055 2361; x_wconf 90' lang='lat' dir='ltr'><strong>ei</strong></span> <span class='ocrx_word' id='word_1_569' title='bbox 2088 2318 2297 2374; x_wconf 83' lang='lat' dir='ltr'><strong>pacem,</strong></span> <span class='ocrx_word' id='word_1_570' title='bbox 2323 2308 2380 2356; x_wconf 89' lang='lat' dir='ltr'><strong>et</strong></span> <span class='ocrx_word' id='word_1_571' title='bbox 2408 2315 2511 2370; x_wconf 83' lang='lat' dir='ltr'><strong>pax</strong></span> <span class='ocrx_word' id='word_1_572' title='bbox 2546 2311 2653 2351; x_wconf 91' lang='lat' dir='ltr'><strong>non</strong></span> <span class='ocrx_word' id='word_1_573' title='bbox 2689 2305 2793 2358; x_wconf 88' lang='lat' dir='ltr'><strong>est,</strong></span> <span class='ocrx_word' id='word_1_574' title='bbox 2838 2291 2972 2348; x_wconf 82' lang='lat' dir='ltr'><strong>dicit</strong></span> <span class='ocrx_word' id='word_1_575' title='bbox 3018 2286 3230 2343; x_wconf 82' lang='lat' dir='ltr'><strong>Adonai</strong></span> <span class='ocrx_word' id='word_1_576' title='bbox 3259 2284 3367 2338; x_wconf 74' lang='lat' dir='ltr'><strong>llo-</strong></span> 
     </span>
     <span class='ocr_line' id='line_1_83' title="bbox 1790 2378 3365 2458; baseline -0.017 -3"><span class='ocrx_word' id='word_1_577' title='bbox 1790 2401 2009 2456; x_wconf 63' lang='grc'><strong>1111005.</strong></span> <span class='ocrx_word' id='word_1_578' title='bbox 2030 2395 2118 2452; x_wconf 86' lang='grc'><strong>17.</strong></span> <span class='ocrx_word' id='word_1_579' title='bbox 2182 2394 2250 2449; x_wconf 80' lang='lat' dir='ltr'><strong>Et</strong></span> <span class='ocrx_word' id='word_1_580' title='bbox 2309 2403 2389 2458; x_wconf 91' lang='lat' dir='ltr'><strong>tu,</strong></span> <span class='ocrx_word' id='word_1_581' title='bbox 2451 2390 2525 2445; x_wconf 86' lang='grc'><strong>1111</strong></span> <span class='ocrx_word' id='word_1_582' title='bbox 2576 2386 2834 2450; x_wconf 76' lang='lat' dir='ltr'><strong>bominiS,</strong></span> <span class='ocrx_word' id='word_1_583' title='bbox 2892 2381 3131 2437; x_wconf 79' lang='lat' dir='ltr'><strong>obfirma.</strong></span> <span class='ocrx_word' id='word_1_584' title='bbox 3172 2378 3365 2433; x_wconf 80' lang='lat' dir='ltr'><strong>l&#39;aciem</strong></span> 
     </span>
     <span class='ocr_line' id='line_1_84' title="bbox 1791 2468 3369 2558; baseline -0.015 -11"><span class='ocrx_word' id='word_1_585' title='bbox 1791 2502 1940 2547; x_wconf 83' lang='lat' dir='ltr'><strong>tuam</strong></span> <span class='ocrx_word' id='word_1_586' title='bbox 1994 2504 2159 2558; x_wconf 86' lang='lat' dir='ltr'><strong>super</strong></span> <span class='ocrx_word' id='word_1_587' title='bbox 2197 2485 2335 2540; x_wconf 86' lang='lat' dir='ltr'><strong>lilias</strong></span> <span class='ocrx_word' id='word_1_588' title='bbox 2376 2481 2561 2554; x_wconf 88' lang='lat' dir='ltr'><strong>populi</strong></span> <span class='ocrx_word' id='word_1_589' title='bbox 2618 2479 2721 2545; x_wconf 84' lang='lat' dir='ltr'><strong>tui,</strong></span> <span class='ocrx_word' id='word_1_590' title='bbox 2771 2470 2863 2547; x_wconf 85' lang='lat' dir='ltr'><strong>qni</strong></span> <span class='ocrx_word' id='word_1_591' title='bbox 2919 2473 3244 2545; x_wconf 81' lang='lat' dir='ltr'><strong>prophetant</strong></span> <span class='ocrx_word' id='word_1_592' title='bbox 3300 2468 3369 2523; x_wconf 85' lang='lat' dir='ltr'><strong>de</strong></span> 
     </span>
     <span class='ocr_line' id='line_1_85' title="bbox 1789 2561 3368 2647; baseline -0.016 -6"><span class='ocrx_word' id='word_1_593' title='bbox 1789 2585 1956 2642; x_wconf 87' lang='lat' dir='ltr'><strong>corde</strong></span> <span class='ocrx_word' id='word_1_594' title='bbox 1987 2595 2112 2646; x_wconf 91' lang='lat' dir='ltr'><strong>suo,</strong></span> <span class='ocrx_word' id='word_1_595' title='bbox 2140 2589 2193 2635; x_wconf 91' lang='lat' dir='ltr'><strong>et</strong></span> <span class='ocrx_word' id='word_1_596' title='bbox 2214 2577 2475 2647; x_wconf 86' lang='lat' dir='ltr'><strong>propheta</strong></span> <span class='ocrx_word' id='word_1_597' title='bbox 2499 2588 2664 2643; x_wconf 90' lang='lat' dir='ltr'><strong>snper</strong></span> <span class='ocrx_word' id='word_1_598' title='bbox 2685 2585 2801 2636; x_wconf 80' lang='lat' dir='ltr'><strong>eas,</strong></span> <span class='ocrx_word' id='word_1_599' title='bbox 2831 2567 2915 2622; x_wconf 87' lang='grc'><strong>18.</strong></span> <span class='ocrx_word' id='word_1_600' title='bbox 2937 2575 2991 2620; x_wconf 86' lang='lat' dir='ltr'><strong>et</strong></span> <span class='ocrx_word' id='word_1_601' title='bbox 3015 2566 3164 2621; x_wconf 88' lang='lat' dir='ltr'><strong>dices</strong></span> <span class='ocrx_word' id='word_1_602' title='bbox 3191 2581 3205 2618; x_wconf 78' lang='lat' dir='ltr'>t</span> <span class='ocrx_word' id='word_1_603' title='bbox 3240 2561 3368 2618; x_wconf 69' lang='lat' dir='ltr'><strong>lia-c</strong></span> 
     </span>
     <span class='ocr_line' id='line_1_86' title="bbox 1788 2652 3366 2731; baseline -0.016 0"><span class='ocrx_word' id='word_1_604' title='bbox 1788 2675 1926 2731; x_wconf 89' lang='lat' dir='ltr'><strong>dicit</strong></span> <span class='ocrx_word' id='word_1_605' title='bbox 1956 2671 2168 2727; x_wconf 82' lang='lat' dir='ltr'><strong>Adonai</strong></span> <span class='ocrx_word' id='word_1_606' title='bbox 2221 2668 2524 2722; x_wconf 87' lang='lat' dir='ltr'><strong>Dominus:</strong></span> <span class='ocrx_word' id='word_1_607' title='bbox 2562 2664 2651 2719; x_wconf 74' lang='lat' dir='ltr'><strong>Vae</strong></span> <span class='ocrx_word' id='word_1_608' title='bbox 2688 2661 2798 2725; x_wconf 79' lang='lat' dir='ltr'><strong>liis,</strong></span> <span class='ocrx_word' id='word_1_609' title='bbox 2833 2660 2924 2728; x_wconf 79' lang='lat' dir='ltr'><strong>qui</strong></span> <span class='ocrx_word' id='word_1_610' title='bbox 2965 2663 3238 2713; x_wconf 87' lang='lat' dir='ltr'><strong>consuunt</strong></span> <span class='ocrx_word' id='word_1_611' title='bbox 3289 2652 3366 2723; x_wconf 81' lang='lat' dir='ltr'><strong>(a)</strong></span> 
     </span>
     <span class='ocr_line' id='line_1_87' title="bbox 1787 2745 3370 2824; baseline -0.016 0"><span class='ocrx_word' id='word_1_612' title='bbox 1787 2765 2079 2824; x_wconf 83' lang='lat' dir='ltr'><strong>cervicalia</strong></span> <span class='ocrx_word' id='word_1_613' title='bbox 2114 2762 2303 2818; x_wconf 85' lang='lat' dir='ltr'><strong>subter</strong></span> <span class='ocrx_word' id='word_1_614' title='bbox 2325 2773 2540 2815; x_wconf 88' lang='lat' dir='ltr'><strong>omnem</strong></span> <span class='ocrx_word' id='word_1_615' title='bbox 2570 2753 2819 2810; x_wconf 87' lang='lat' dir='ltr'><strong>cubitum</strong></span> <span class='ocrx_word' id='word_1_616' title='bbox 2846 2764 3064 2812; x_wconf 88' lang='lat' dir='ltr'><strong>manus,</strong></span> <span class='ocrx_word' id='word_1_617' title='bbox 3085 2759 3139 2802; x_wconf 83' lang='lat' dir='ltr'><strong>et</strong></span> <span class='ocrx_word' id='word_1_618' title='bbox 3161 2745 3370 2801; x_wconf 78' lang='lat' dir='ltr'><strong>faciunt</strong></span> 
     </span>
     <span class='ocr_line' id='line_1_88' title="bbox 1785 2836 3364 2928; baseline -0.016 -13"><span class='ocrx_word' id='word_1_619' title='bbox 1785 2857 2057 2916; x_wconf 81' lang='lat' dir='ltr'><strong>velamina</strong></span> <span class='ocrx_word' id='word_1_620' title='bbox 2087 2855 2164 2928; x_wconf 81' lang='lat' dir='ltr'><strong>(b)</strong></span> <span class='ocrx_word' id='word_1_621' title='bbox 2191 2867 2357 2924; x_wconf 90' lang='lat' dir='ltr'><strong>super</strong></span> <span class='ocrx_word' id='word_1_622' title='bbox 2384 2865 2547 2906; x_wconf 90' lang='lat' dir='ltr'><strong>omne</strong></span> <span class='ocrx_word' id='word_1_623' title='bbox 2578 2854 2746 2917; x_wconf 81' lang='lat' dir='ltr'><strong>caput</strong></span> <span class='ocrx_word' id='word_1_624' title='bbox 2781 2845 2959 2899; x_wconf 88' lang='lat' dir='ltr'><strong>omnis</strong></span> <span class='ocrx_word' id='word_1_625' title='bbox 3002 2847 3244 2900; x_wconf 63' lang='lat' dir='ltr'><strong>staturae,</strong></span> <span class='ocrx_word' id='word_1_626' title='bbox 3297 2836 3364 2890; x_wconf 88' lang='lat' dir='ltr'><strong>ad</strong></span> 
     </span>
     <span class='ocr_line' id='line_1_89' title="bbox 1786 2930 3369 3024; baseline -0.016 -17"><span class='ocrx_word' id='word_1_627' title='bbox 1786 2948 2224 3024; x_wconf 86' lang='lat' dir='ltr'><strong>perturbandum</strong></span> <span class='ocrx_word' id='word_1_628' title='bbox 2255 2944 2507 2999; x_wconf 86' lang='lat' dir='ltr'><strong>animas:</strong></span> <span class='ocrx_word' id='word_1_629' title='bbox 2545 2939 2614 3011; x_wconf 84' lang='lat' dir='ltr'><strong>(c)</strong></span> <span class='ocrx_word' id='word_1_630' title='bbox 2654 2938 2851 2992; x_wconf 76' lang='lat' dir='ltr'><strong>anima:</strong></span> <span class='ocrx_word' id='word_1_631' title='bbox 2883 2930 3207 3004; x_wconf 69' lang='lat' dir='ltr'><strong>perturbatae</strong></span> <span class='ocrx_word' id='word_1_632' title='bbox 3238 2935 3369 2984; x_wconf 87' lang='lat' dir='ltr'><strong>sunt</strong></span> 
     </span>
     <span class='ocr_line' id='line_1_90' title="bbox 1787 3020 3370 3116; baseline -0.017 -17"><span class='ocrx_word' id='word_1_633' title='bbox 1787 3043 1975 3116; x_wconf 91' lang='lat' dir='ltr'><strong>populi</strong></span> <span class='ocrx_word' id='word_1_634' title='bbox 2050 3040 2177 3106; x_wconf 91' lang='lat' dir='ltr'><strong>mei,</strong></span> <span class='ocrx_word' id='word_1_635' title='bbox 2233 3047 2289 3092; x_wconf 90' lang='lat' dir='ltr'><strong>et</strong></span> <span class='ocrx_word' id='word_1_636' title='bbox 2326 3036 2539 3090; x_wconf 85' lang='lat' dir='ltr'><strong>animas</strong></span> <span class='ocrx_word' id='word_1_637' title='bbox 2586 3029 2910 3085; x_wconf 81' lang='lat' dir='ltr'><strong>liberabant.</strong></span> <span class='ocrx_word' id='word_1_638' title='bbox 2949 3024 3034 3080; x_wconf 82' lang='lat'><strong>19.</strong></span> <span class='ocrx_word' id='word_1_639' title='bbox 3087 3022 3148 3076; x_wconf 83' lang='lat' dir='ltr'><strong>Et</strong></span> <span class='ocrx_word' id='word_1_640' title='bbox 3186 3020 3370 3091; x_wconf 82' lang='lat' dir='ltr'><strong>prola·</strong></span> 
     </span>
     <span class='ocr_line' id='line_1_91' title="bbox 1785 3112 3364 3195; baseline -0.017 -4"><span class='ocrx_word' id='word_1_641' title='bbox 1785 3137 1991 3191; x_wconf 86' lang='lat' dir='ltr'><strong>nabant</strong></span> <span class='ocrx_word' id='word_1_642' title='bbox 2032 3146 2118 3185; x_wconf 90' lang='lat' dir='ltr'><strong>me</strong></span> <span class='ocrx_word' id='word_1_643' title='bbox 2153 3129 2220 3183; x_wconf 86' lang='lat' dir='ltr'><strong>ad</strong></span> <span class='ocrx_word' id='word_1_644' title='bbox 2278 3126 2537 3195; x_wconf 87' lang='lat' dir='ltr'><strong>populum</strong></span> <span class='ocrx_word' id='word_1_645' title='bbox 2588 3135 2771 3176; x_wconf 87' lang='lat' dir='ltr'><strong>meum</strong></span> <span class='ocrx_word' id='word_1_646' title='bbox 2820 3126 3043 3188; x_wconf 84' lang='lat' dir='ltr'><strong>propter</strong></span> <span class='ocrx_word' id='word_1_647' title='bbox 3100 3112 3364 3183; x_wconf 84' lang='lat' dir='ltr'><strong>pugillum</strong></span> 
     </span>
     <span class='ocr_line' id='line_1_92' title="bbox 1786 3205 3363 3292; baseline -0.017 -9"><span class='ocrx_word' id='word_1_648' title='bbox 1786 3226 2001 3292; x_wconf 86' lang='lat' dir='ltr'><strong>bordei,</strong></span> <span class='ocrx_word' id='word_1_649' title='bbox 2026 3233 2081 3278; x_wconf 84' lang='lat' dir='ltr'><strong>et</strong></span> <span class='ocrx_word' id='word_1_650' title='bbox 2110 3233 2329 3292; x_wconf 84' lang='lat' dir='ltr'><strong>propter</strong></span> <span class='ocrx_word' id='word_1_651' title='bbox 2359 3218 2660 3287; x_wconf 74' lang='lat' dir='ltr'><strong>fragmenta</strong></span> <span class='ocrx_word' id='word_1_652' title='bbox 2691 3212 2872 3281; x_wconf 86' lang='lat' dir='ltr'><strong>panis,</strong></span> <span class='ocrx_word' id='word_1_653' title='bbox 2909 3208 2976 3261; x_wconf 87' lang='lat' dir='ltr'><strong>ad</strong></span> <span class='ocrx_word' id='word_1_654' title='bbox 3006 3205 3363 3261; x_wconf 69' lang='lat' dir='ltr'><strong>occidendum</strong></span> 
     </span>
     <span class='ocr_line' id='line_1_93' title="bbox 1785 3295 3361 3387; baseline -0.018 -11"><span class='ocrx_word' id='word_1_655' title='bbox 1785 3321 2021 3385; x_wconf 87' lang='lat' dir='ltr'><strong>animas,</strong></span> <span class='ocrx_word' id='word_1_656' title='bbox 2056 3330 2194 3387; x_wconf 83' lang='lat' dir='ltr'><strong>quas</strong></span> <span class='ocrx_word' id='word_1_657' title='bbox 2228 3327 2333 3366; x_wconf 92' lang='lat' dir='ltr'><strong>non</strong></span> <span class='ocrx_word' id='word_1_658' title='bbox 2358 3307 2601 3379; x_wconf 87' lang='lat' dir='ltr'><strong>oportuit</strong></span> <span class='ocrx_word' id='word_1_659' title='bbox 2629 3305 2792 3369; x_wconf 83' lang='lat' dir='ltr'><strong>mori,</strong></span> <span class='ocrx_word' id='word_1_660' title='bbox 2829 3312 2883 3357; x_wconf 89' lang='lat' dir='ltr'><strong>et</strong></span> <span class='ocrx_word' id='word_1_661' title='bbox 2914 3302 2978 3355; x_wconf 89' lang='lat' dir='ltr'><strong>ad</strong></span> <span class='ocrx_word' id='word_1_662' title='bbox 3014 3295 3361 3354; x_wconf 86' lang='lat' dir='ltr'><strong>liberandum</strong></span> 
     </span>
     <span class='ocr_line' id='line_1_94' title="bbox 1786 3389 3372 3480; baseline -0.018 -11"><span class='ocrx_word' id='word_1_663' title='bbox 1786 3414 2021 3476; x_wconf 77' lang='lat' dir='ltr'><strong>animaS,</strong></span> <span class='ocrx_word' id='word_1_664' title='bbox 2053 3423 2192 3480; x_wconf 89' lang='lat' dir='ltr'><strong>quas</strong></span> <span class='ocrx_word' id='word_1_665' title='bbox 2229 3421 2338 3461; x_wconf 90' lang='lat' dir='ltr'><strong>non</strong></span> <span class='ocrx_word' id='word_1_666' title='bbox 2369 3400 2613 3472; x_wconf 89' lang='lat' dir='ltr'><strong>oportuit</strong></span> <span class='ocrx_word' id='word_1_667' title='bbox 2645 3399 2847 3461; x_wconf 86' lang='lat' dir='ltr'><strong>vivere,</strong></span> <span class='ocrx_word' id='word_1_668' title='bbox 2898 3408 3023 3448; x_wconf 87' lang='lat' dir='ltr'><strong>cum</strong></span> <span class='ocrx_word' id='word_1_669' title='bbox 3073 3390 3256 3445; x_wconf 82' lang='lat' dir='ltr'><strong>caesim</strong></span> <span class='ocrx_word' id='word_1_670' title='bbox 3288 3389 3372 3441; x_wconf 88' lang='lat' dir='ltr'><strong>lo·</strong></span> 
     </span>
     <span class='ocr_line' id='line_1_95' title="bbox 1784 3479 3366 3579; baseline -0.019 -18"><span class='ocrx_word' id='word_1_671' title='bbox 1784 3504 2019 3579; x_wconf 70' lang='lat' dir='ltr'><strong>quimini</strong></span> <span class='ocrx_word' id='word_1_672' title='bbox 2053 3500 2253 3572; x_wconf 88' lang='lat' dir='ltr'><strong>populo</strong></span> <span class='ocrx_word' id='word_1_673' title='bbox 2292 3494 2533 3551; x_wconf 87' lang='lat' dir='ltr'><strong>audienti</strong></span> <span class='ocrx_word' id='word_1_674' title='bbox 2575 3489 2797 3545; x_wconf 81' lang='lat' dir='ltr'><strong>concisa</strong></span> <span class='ocrx_word' id='word_1_675' title='bbox 2851 3486 3016 3541; x_wconf 69' lang='lat' dir='ltr'><strong>verba</strong></span> <span class='ocrx_word' id='word_1_676' title='bbox 3045 3498 3206 3537; x_wconf 84' lang='lat' dir='ltr'><strong>vana.</strong></span> <span class='ocrx_word' id='word_1_677' title='bbox 3271 3479 3366 3533; x_wconf 75' lang='lat'><strong>20.</strong></span> 
     </span>
     <span class='ocr_line' id='line_1_96' title="bbox 1784 3574 3368 3668; baseline -0.018 -16"><span class='ocrx_word' id='word_1_678' title='bbox 1784 3599 2014 3668; x_wconf 86' lang='lat' dir='ltr'><strong>Propter</strong></span> <span class='ocrx_word' id='word_1_679' title='bbox 2036 3596 2139 3650; x_wconf 88' lang='lat' dir='ltr'><strong>boc</strong></span> <span class='ocrx_word' id='word_1_680' title='bbox 2169 3594 2283 3647; x_wconf 82' lang='lat' dir='ltr'><strong>baee</strong></span> <span class='ocrx_word' id='word_1_681' title='bbox 2307 3589 2439 3645; x_wconf 84' lang='lat' dir='ltr'><strong>dicit</strong></span> <span class='ocrx_word' id='word_1_682' title='bbox 2474 3584 2736 3640; x_wconf 88' lang='lat' dir='ltr'><strong>Dominus</strong></span> <span class='ocrx_word' id='word_1_683' title='bbox 2768 3580 3033 3634; x_wconf 89' lang='lat' dir='ltr'><strong>Dominus</strong></span> <span class='ocrx_word' id='word_1_684' title='bbox 3058 3595 3071 3631; x_wconf 79' lang='lat' dir='ltr'>t</span> <span class='ocrx_word' id='word_1_685' title='bbox 3103 3574 3240 3629; x_wconf 84' lang='lat' dir='ltr'><strong>Ecce</strong></span> <span class='ocrx_word' id='word_1_686' title='bbox 3268 3588 3368 3642; x_wconf 82' lang='lat' dir='ltr'><strong>ego</strong></span> 
     </span>
     <span class='ocr_line' id='line_1_97' title="bbox 1784 3664 3368 3759; baseline -0.018 -14"><span class='ocrx_word' id='word_1_687' title='bbox 1784 3705 1950 3759; x_wconf 87' lang='lat' dir='ltr'><strong>snper</strong></span> <span class='ocrx_word' id='word_1_688' title='bbox 1981 3682 2270 3741; x_wconf 86' lang='lat' dir='ltr'><strong>cervicalia</strong></span> <span class='ocrx_word' id='word_1_689' title='bbox 2307 3691 2511 3742; x_wconf 84' lang='lat' dir='ltr'><strong>vestra,</strong></span> <span class='ocrx_word' id='word_1_690' title='bbox 2548 3691 2713 3745; x_wconf 80' lang='lat' dir='ltr'><strong>super</strong></span> <span class='ocrx_word' id='word_1_691' title='bbox 2743 3688 2865 3742; x_wconf 81' lang='lat' dir='ltr'><strong>quae</strong></span> <span class='ocrx_word' id='word_1_692' title='bbox 2904 3671 2981 3738; x_wconf 77' lang='lat' dir='ltr'><strong>(d)</strong></span> <span class='ocrx_word' id='word_1_693' title='bbox 3036 3664 3368 3738; x_wconf 77' lang='lat' dir='ltr'><strong>perturbatis</strong></span> 
     </span>
     <span class='ocr_line' id='line_1_98' title="bbox 1784 3755 3362 3837; baseline -0.019 0"><span class='ocrx_word' id='word_1_694' title='bbox 1784 3783 1857 3837; x_wconf 90' lang='lat' dir='ltr'><strong>ibi</strong></span> <span class='ocrx_word' id='word_1_695' title='bbox 1898 3781 2147 3836; x_wconf 88' lang='lat' dir='ltr'><strong>animas:</strong></span> <span class='ocrx_word' id='word_1_696' title='bbox 2172 3786 2225 3831; x_wconf 90' lang='lat' dir='ltr'><strong>et</strong></span> <span class='ocrx_word' id='word_1_697' title='bbox 2257 3773 2563 3829; x_wconf 75' lang='lat' dir='ltr'><strong>discindant</strong></span> <span class='ocrx_word' id='word_1_698' title='bbox 2594 3783 2658 3822; x_wconf 88' lang='lat' dir='ltr'><strong>ea</strong></span> <span class='ocrx_word' id='word_1_699' title='bbox 2688 3767 2755 3821; x_wconf 89' lang='lat' dir='ltr'><strong>de</strong></span> <span class='ocrx_word' id='word_1_700' title='bbox 2782 3764 3022 3819; x_wconf 82' lang='lat' dir='ltr'><strong>brachiis</strong></span> <span class='ocrx_word' id='word_1_701' title='bbox 3046 3758 3263 3823; x_wconf 76' lang='lat' dir='ltr'><strong>vestris,</strong></span> <span class='ocrx_word' id='word_1_702' title='bbox 3292 3755 3362 3823; x_wconf 81' lang='lat' dir='ltr'><strong>(e)</strong></span> 
     </span>
     <span class='ocr_line' id='line_1_99' title="bbox 1783 3852 3367 3933; baseline -0.018 -3"><span class='ocrx_word' id='word_1_703' title='bbox 1783 3885 1837 3932; x_wconf 88' lang='lat' dir='ltr'><strong>et</strong></span> <span class='ocrx_word' id='word_1_704' title='bbox 1871 3874 2119 3930; x_wconf 87' lang='lat' dir='ltr'><strong>emittam</strong></span> <span class='ocrx_word' id='word_1_705' title='bbox 2162 3867 2398 3930; x_wconf 78' lang='lat' dir='ltr'><strong>animas,</strong></span> <span class='ocrx_word' id='word_1_706' title='bbox 2435 3877 2572 3933; x_wconf 73' lang='lat' dir='ltr'><strong>qiias</strong></span> <span class='ocrx_word' id='word_1_707' title='bbox 2625 3874 2724 3913; x_wconf 81' lang='lat' dir='ltr'><strong>vos</strong></span> <span class='ocrx_word' id='word_1_708' title='bbox 2754 3855 2997 3912; x_wconf 87' lang='lat' dir='ltr'><strong>evertitis</strong></span> <span class='ocrx_word' id='word_1_709' title='bbox 3020 3852 3236 3907; x_wconf 87' lang='lat' dir='ltr'><strong>animas</strong></span> <span class='ocrx_word' id='word_1_710' title='bbox 3268 3866 3367 3904; x_wconf 86' lang='lat' dir='ltr'><strong>eo-</strong></span> 
     </span>
     <span class='ocr_line' id='line_1_100' title="bbox 1785 3945 3364 4032; baseline -0.017 -10"><span class='ocrx_word' id='word_1_711' title='bbox 1785 3982 1907 4022; x_wconf 90' lang='lat' dir='ltr'><strong>rum</strong></span> <span class='ocrx_word' id='word_1_712' title='bbox 1943 3966 1998 4019; x_wconf 92' lang='lat' dir='ltr'><strong>in</strong></span> <span class='ocrx_word' id='word_1_713' title='bbox 2038 3961 2436 4032; x_wconf 83' lang='lat' dir='ltr'><strong>dispersionem</strong></span> <span class='ocrx_word' id='word_1_714' title='bbox 2465 3973 2481 4012; x_wconf 77' lang='lat' dir='ltr'>t</span> <span class='ocrx_word' id='word_1_715' title='bbox 2509 3964 2563 4009; x_wconf 91' lang='lat' dir='ltr'><strong>et</strong></span> <span class='ocrx_word' id='word_1_716' title='bbox 2609 3949 2915 4007; x_wconf 72' lang='lat' dir='ltr'><strong>discindam</strong></span> <span class='ocrx_word' id='word_1_717' title='bbox 2960 3945 3228 4001; x_wconf 81' lang='lat' dir='ltr'><strong>velamina</strong></span> <span class='ocrx_word' id='word_1_718' title='bbox 3269 3957 3364 3996; x_wconf 80' lang='lat' dir='ltr'><strong>ve·</strong></span> 
     </span>
     <span class='ocr_line' id='line_1_101' title="bbox 1783 4042 3370 4119; baseline -0.016 -7"><span class='ocrx_word' id='word_1_719' title='bbox 1783 4065 1919 4119; x_wconf 82' lang='lat' dir='ltr'><strong>stra,</strong></span> <span class='ocrx_word' id='word_1_720' title='bbox 1951 4063 2006 4108; x_wconf 86' lang='lat' dir='ltr'><strong>et</strong></span> <span class='ocrx_word' id='word_1_721' title='bbox 2036 4050 2280 4106; x_wconf 83' lang='lat' dir='ltr'><strong>liberabo</strong></span> <span class='ocrx_word' id='word_1_722' title='bbox 2331 4046 2592 4117; x_wconf 89' lang='lat' dir='ltr'><strong>populum</strong></span> <span class='ocrx_word' id='word_1_723' title='bbox 2634 4056 2816 4095; x_wconf 90' lang='lat' dir='ltr'><strong>meum</strong></span> <span class='ocrx_word' id='word_1_724' title='bbox 2874 4054 2905 4094; x_wconf 89' lang='lat' dir='ltr'><strong>e</strong></span> <span class='ocrx_word' id='word_1_725' title='bbox 2950 4050 3113 4091; x_wconf 91' lang='lat' dir='ltr'><strong>manu</strong></span> <span class='ocrx_word' id='word_1_726' title='bbox 3148 4042 3370 4100; x_wconf 74' lang='lat' dir='ltr'><strong>vestra,</strong></span> 
     </span>
     <span class='ocr_line' id='line_1_102' title="bbox 1782 4128 3368 4203; baseline -0.016 0"><span class='ocrx_word' id='word_1_727' title='bbox 1782 4157 1837 4203; x_wconf 90' lang='lat' dir='ltr'><strong>et</strong></span> <span class='ocrx_word' id='word_1_728' title='bbox 1862 4163 1969 4201; x_wconf 92' lang='lat' dir='ltr'><strong>non</strong></span> <span class='ocrx_word' id='word_1_729' title='bbox 2002 4152 2164 4198; x_wconf 89' lang='lat' dir='ltr'><strong>erunt</strong></span> <span class='ocrx_word' id='word_1_730' title='bbox 2193 4145 2334 4195; x_wconf 88' lang='lat' dir='ltr'><strong>ultra</strong></span> <span class='ocrx_word' id='word_1_731' title='bbox 2360 4140 2412 4193; x_wconf 91' lang='lat' dir='ltr'><strong>in</strong></span> <span class='ocrx_word' id='word_1_732' title='bbox 2451 4136 2706 4191; x_wconf 89' lang='lat' dir='ltr'><strong>manibus</strong></span> <span class='ocrx_word' id='word_1_733' title='bbox 2743 4132 2937 4186; x_wconf 85' lang='lat' dir='ltr'><strong>vestris</strong></span> <span class='ocrx_word' id='word_1_734' title='bbox 2992 4131 3045 4184; x_wconf 92' lang='lat' dir='ltr'><strong>in</strong></span> <span class='ocrx_word' id='word_1_735' title='bbox 3076 4128 3368 4185; x_wconf 85' lang='lat' dir='ltr'><strong>conturba·</strong></span> 
     </span>
     <span class='ocr_line' id='line_1_103' title="bbox 1788 4218 3369 4303; baseline -0.013 -10"><span class='ocrx_word' id='word_1_736' title='bbox 1788 4240 1987 4293; x_wconf 88' lang='lat' dir='ltr'><strong>tionem</strong></span> <span class='ocrx_word' id='word_1_737' title='bbox 2021 4252 2035 4289; x_wconf 88' lang='lat'>:</span> <span class='ocrx_word' id='word_1_738' title='bbox 2069 4245 2123 4288; x_wconf 88' lang='lat' dir='ltr'><strong>et</strong></span> <span class='ocrx_word' id='word_1_739' title='bbox 2157 4230 2523 4303; x_wconf 54' lang='lat' dir='ltr'><strong>cognoscum,</strong></span> <span class='ocrx_word' id='word_1_740' title='bbox 2553 4225 2701 4297; x_wconf 80' lang='lat' dir='ltr'><strong>quod</strong></span> <span class='ocrx_word' id='word_1_741' title='bbox 2726 4239 2827 4294; x_wconf 78' lang='lat' dir='ltr'><strong>rgo</strong></span> <span class='ocrx_word' id='word_1_742' title='bbox 2860 4222 3141 4277; x_wconf 90' lang='lat' dir='ltr'><strong>Dominus.</strong></span> <span class='ocrx_word' id='word_1_743' title='bbox 3171 4220 3263 4274; x_wconf 73' lang='lat'><strong>22.</strong></span> <span class='ocrx_word' id='word_1_744' title='bbox 3297 4218 3369 4288; x_wconf 69' lang='grc' dir='ltr'><strong>(ί)</strong></span> 
     </span>
     <span class='ocr_line' id='line_1_104' title="bbox 1785 4315 3369 4398; baseline -0.01 -16"><span class='ocrx_word' id='word_1_745' title='bbox 1785 4328 1890 4383; x_wconf 89' lang='lat' dir='ltr'><strong>Pro</strong></span> <span class='ocrx_word' id='word_1_746' title='bbox 1913 4343 1979 4382; x_wconf 75' lang='lat' dir='ltr'><strong>«o</strong></span> <span class='ocrx_word' id='word_1_747' title='bbox 2002 4325 2146 4398; x_wconf 85' lang='lat' dir='ltr'><strong>quod</strong></span> <span class='ocrx_word' id='word_1_748' title='bbox 2170 4321 2571 4395; x_wconf 80' lang='lat' dir='ltr'><strong>pei-turbabatis</strong></span> <span class='ocrx_word' id='word_1_749' title='bbox 2603 4334 2699 4374; x_wconf 89' lang='lat' dir='ltr'><strong>cor</strong></span> <span class='ocrx_word' id='word_1_750' title='bbox 2723 4318 2860 4387; x_wconf 84' lang='lat' dir='ltr'><strong>justi</strong></span> <span class='ocrx_word' id='word_1_751' title='bbox 2903 4315 3126 4381; x_wconf 77' lang='lat' dir='ltr'><strong>iniuste,</strong></span> <span class='ocrx_word' id='word_1_752' title='bbox 3170 4322 3225 4369; x_wconf 86' lang='lat' dir='ltr'><strong>et</strong></span> <span class='ocrx_word' id='word_1_753' title='bbox 3262 4327 3369 4382; x_wconf 78' lang='lat' dir='ltr'><strong>ego</strong></span> 
     </span>
    </p>
   </div>
   <div class='ocr_carea' id='block_1_36' title="bbox 101 4406 3362 4489">
    <p class='ocr_par' dir='ltr' id='par_1_37' title="bbox 101 4406 3362 4489">
     <span class='ocr_line' id='line_1_105' title="bbox 101 4406 3362 4489; baseline -0.003 -19"><span class='ocrx_word' id='word_1_754' title='bbox 101 4415 406 4478; x_wconf 84' lang='lat' dir='ltr'><strong>mendacia,</strong></span> <span class='ocrx_word' id='word_1_755' title='bbox 457 4422 513 4468; x_wconf 87' lang='lat' dir='ltr'><strong>et</strong></span> <span class='ocrx_word' id='word_1_756' title='bbox 565 4413 932 4469; x_wconf 88' lang='lat' dir='ltr'><strong>divinationes</strong></span> <span class='ocrx_word' id='word_1_757' title='bbox 977 4422 1172 4470; x_wconf 75' lang='lat' dir='ltr'><strong>vestrm</strong></span> <span class='ocrx_word' id='word_1_758' title='bbox 1228 4429 1399 4478; x_wconf 81' lang='lat' dir='ltr'><strong>vanae,</strong></span> <span class='ocrx_word' id='word_1_759' title='bbox 1457 4423 1679 4484; x_wconf 85' lang='lat' dir='ltr'><strong>propter</strong></span> <span class='ocrx_word' id='word_1_760' title='bbox 1713 4424 1756 4479; x_wconf 77' lang='grc' dir='ltr'><strong>υ</strong></span> <span class='ocrx_word' id='word_1_761' title='bbox 1786 4433 1893 4473; x_wconf 82' lang='lat' dir='ltr'><strong>non</strong></span> <span class='ocrx_word' id='word_1_762' title='bbox 1936 4417 2326 4489; x_wconf 84' lang='lat' dir='ltr'><strong>perturbabam</strong></span> <span class='ocrx_word' id='word_1_763' title='bbox 2363 4429 2512 4478; x_wconf 81' lang='lat' dir='ltr'><strong>eum,</strong></span> <span class='ocrx_word' id='word_1_764' title='bbox 2554 4411 2708 4466; x_wconf 89' lang='lat' dir='ltr'><strong>etad</strong></span> <span class='ocrx_word' id='word_1_765' title='bbox 2740 4406 3208 4464; x_wconf 87' lang='lat' dir='ltr'><strong>corroborandum</strong></span> <span class='ocrx_word' id='word_1_766' title='bbox 3243 4420 3362 4459; x_wconf 89' lang='lat' dir='ltr'><strong>ma-</strong></span> 
     </span>
    </p>
   </div>
   <div class='ocr_carea' id='block_1_37' title="bbox 102 4505 1676 5040">
    <p class='ocr_par' dir='ltr' id='par_1_38' title="bbox 102 4505 1676 5040">
     <span class='ocr_line' id='line_1_106' title="bbox 103 4505 1674 4576; baseline 0 -14"><span class='ocrx_word' id='word_1_767' title='bbox 103 4508 208 4562; x_wconf 81' lang='lat' dir='ltr'><strong>boe</strong></span> <span class='ocrx_word' id='word_1_768' title='bbox 244 4519 372 4561; x_wconf 90' lang='lat' dir='ltr'><strong>ecce</strong></span> <span class='ocrx_word' id='word_1_769' title='bbox 428 4521 531 4576; x_wconf 75' lang='lat' dir='ltr'><strong>ego</strong></span> <span class='ocrx_word' id='word_1_770' title='bbox 583 4519 750 4574; x_wconf 87' lang='lat' dir='ltr'><strong>super</strong></span> <span class='ocrx_word' id='word_1_771' title='bbox 800 4519 919 4570; x_wconf 65' lang='grc' dir='ltr'><strong>νος,</strong></span> <span class='ocrx_word' id='word_1_772' title='bbox 955 4505 1090 4561; x_wconf 89' lang='lat' dir='ltr'><strong>dicit</strong></span> <span class='ocrx_word' id='word_1_773' title='bbox 1129 4505 1340 4560; x_wconf 81' lang='lat' dir='ltr'><strong>Adonai</strong></span> <span class='ocrx_word' id='word_1_774' title='bbox 1385 4506 1674 4573; x_wconf 76' lang='lat' dir='ltr'><strong>DominuS,</strong></span> 
     </span>
     <span class='ocr_line' id='line_1_107' title="bbox 102 4597 1676 4668; baseline 0 -17"><span class='ocrx_word' id='word_1_775' title='bbox 102 4597 159 4652; x_wconf 81' lang='lat'><strong>9.</strong></span> <span class='ocrx_word' id='word_1_776' title='bbox 187 4604 239 4651; x_wconf 84' lang='lat' dir='ltr'><strong>et</strong></span> <span class='ocrx_word' id='word_1_777' title='bbox 269 4597 559 4650; x_wconf 78' lang='lat' dir='ltr'><strong>extendam</strong></span> <span class='ocrx_word' id='word_1_778' title='bbox 592 4610 812 4650; x_wconf 88' lang='lat' dir='ltr'><strong>manum</strong></span> <span class='ocrx_word' id='word_1_779' title='bbox 845 4610 1021 4650; x_wconf 87' lang='lat' dir='ltr'><strong>meam</strong></span> <span class='ocrx_word' id='word_1_780' title='bbox 1052 4610 1218 4665; x_wconf 84' lang='lat' dir='ltr'><strong>super</strong></span> <span class='ocrx_word' id='word_1_781' title='bbox 1238 4597 1551 4666; x_wconf 85' lang='lat' dir='ltr'><strong>prophetas,</strong></span> <span class='ocrx_word' id='word_1_782' title='bbox 1581 4598 1676 4668; x_wconf 88' lang='lat' dir='ltr'><strong>qui</strong></span> 
     </span>
     <span class='ocr_line' id='line_1_108' title="bbox 105 4686 1675 4758; baseline 0.002 -17"><span class='ocrx_word' id='word_1_783' title='bbox 105 4687 285 4743; x_wconf 71' lang='lat' dir='ltr'><strong>vident</strong></span> <span class='ocrx_word' id='word_1_784' title='bbox 315 4686 624 4752; x_wconf 71' lang='lat' dir='ltr'><strong>mendacia,</strong></span> <span class='ocrx_word' id='word_1_785' title='bbox 655 4695 708 4742; x_wconf 88' lang='lat' dir='ltr'><strong>et</strong></span> <span class='ocrx_word' id='word_1_786' title='bbox 737 4687 829 4758; x_wconf 87' lang='lat' dir='ltr'><strong>qni</strong></span> <span class='ocrx_word' id='word_1_787' title='bbox 859 4688 1042 4743; x_wconf 70' lang='lat' dir='ltr'><strong>caesim</strong></span> <span class='ocrx_word' id='word_1_788' title='bbox 1070 4688 1372 4757; x_wconf 75' lang='lat' dir='ltr'><strong>loquuntur</strong></span> <span class='ocrx_word' id='word_1_789' title='bbox 1406 4703 1545 4743; x_wconf 89' lang='lat' dir='ltr'><strong>vana</strong></span> <span class='ocrx_word' id='word_1_790' title='bbox 1575 4707 1586 4743; x_wconf 91' lang='lat'>:</span> <span class='ocrx_word' id='word_1_791' title='bbox 1622 4689 1675 4744; x_wconf 94' lang='lat' dir='ltr'><strong>in</strong></span> 
     </span>
     <span class='ocr_line' id='line_1_109' title="bbox 106 4779 1673 4853; baseline 0.001 -18"><span class='ocrx_word' id='word_1_792' title='bbox 106 4780 390 4850; x_wconf 84' lang='lat' dir='ltr'><strong>disciplina</strong></span> <span class='ocrx_word' id='word_1_793' title='bbox 428 4779 612 4853; x_wconf 89' lang='lat' dir='ltr'><strong>populi</strong></span> <span class='ocrx_word' id='word_1_794' title='bbox 639 4780 744 4835; x_wconf 91' lang='lat' dir='ltr'><strong>mei</strong></span> <span class='ocrx_word' id='word_1_795' title='bbox 774 4796 883 4835; x_wconf 90' lang='lat' dir='ltr'><strong>non</strong></span> <span class='ocrx_word' id='word_1_796' title='bbox 929 4792 1109 4842; x_wconf 72' lang='lat' dir='ltr'><strong>erunt,</strong></span> <span class='ocrx_word' id='word_1_797' title='bbox 1136 4800 1209 4829; x_wconf 68' lang='lat' dir='ltr'><strong>eo-</strong></span> <span class='ocrx_word' id='word_1_798' title='bbox 1232 4789 1286 4835; x_wconf 88' lang='lat' dir='ltr'><strong>et</strong></span> <span class='ocrx_word' id='word_1_799' title='bbox 1316 4782 1370 4835; x_wconf 91' lang='lat' dir='ltr'><strong>in</strong></span> <span class='ocrx_word' id='word_1_800' title='bbox 1402 4783 1673 4852; x_wconf 87' lang='lat' dir='ltr'><strong>scriptura</strong></span> 
     </span>
     <span class='ocr_line' id='line_1_110' title="bbox 113 4871 1673 4943; baseline 0.004 -18"><span class='ocrx_word' id='word_1_801' title='bbox 113 4871 301 4926; x_wconf 86' lang='lat' dir='ltr'><strong>domus</strong></span> <span class='ocrx_word' id='word_1_802' title='bbox 350 4872 567 4930; x_wconf 81' lang='lat' dir='ltr'><strong>Israelis</strong></span> <span class='ocrx_word' id='word_1_803' title='bbox 606 4874 629 4943; x_wconf 71' lang='grc' dir='ltr'>ζ</span> <span class='ocrx_word' id='word_1_804' title='bbox 687 4888 798 4929; x_wconf 89' lang='lat' dir='ltr'><strong>non</strong></span> <span class='ocrx_word' id='word_1_805' title='bbox 851 4873 1193 4941; x_wconf 81' lang='lat' dir='ltr'><strong>scribentur,</strong></span> <span class='ocrx_word' id='word_1_806' title='bbox 1256 4882 1311 4930; x_wconf 91' lang='lat' dir='ltr'><strong>ct</strong></span> <span class='ocrx_word' id='word_1_807' title='bbox 1363 4874 1415 4928; x_wconf 93' lang='lat' dir='ltr'><strong>in</strong></span> <span class='ocrx_word' id='word_1_808' title='bbox 1470 4883 1673 4931; x_wconf 86' lang='lat' dir='ltr'><strong>terram</strong></span> 
     </span>
     <span class='ocr_line' id='line_1_111' title="bbox 116 4963 1668 5040; baseline 0.005 -22"><span class='ocrx_word' id='word_1_809' title='bbox 116 4963 320 5020; x_wconf 83' lang='lat' dir='ltr'><strong>israelis</strong></span> <span class='ocrx_word' id='word_1_810' title='bbox 342 4982 450 5021; x_wconf 89' lang='lat' dir='ltr'><strong>non</strong></span> <span class='ocrx_word' id='word_1_811' title='bbox 477 4967 871 5037; x_wconf 81' lang='lat' dir='ltr'><strong>ingredientur,</strong></span> <span class='ocrx_word' id='word_1_812' title='bbox 900 4977 954 5024; x_wconf 91' lang='lat' dir='ltr'><strong>et</strong></span> <span class='ocrx_word' id='word_1_813' title='bbox 994 4968 1188 5035; x_wconf 81' lang='lat' dir='ltr'><strong>scient,</strong></span> <span class='ocrx_word' id='word_1_814' title='bbox 1215 4968 1362 5039; x_wconf 86' lang='lat' dir='ltr'><strong>qnod</strong></span> <span class='ocrx_word' id='word_1_815' title='bbox 1401 4985 1503 5040; x_wconf 81' lang='lat' dir='ltr'><strong>ego</strong></span> <span class='ocrx_word' id='word_1_816' title='bbox 1547 4986 1668 5026; x_wconf 88' lang='lat' dir='ltr'><strong>sum</strong></span> 
     </span>
    </p>
   </div>
   <div class='ocr_carea' id='block_1_38' title="bbox 119 5166 997 5318">
    <p class='ocr_par' dir='ltr' id='par_1_39' title="bbox 119 5166 997 5318">
     <span class='ocr_line' id='line_1_112' title="bbox 181 5166 997 5247; baseline -0.004 -18"><span class='ocrx_word' id='word_1_817' title='bbox 181 5172 236 5247; x_wconf 83' lang='lat' dir='ltr'><strong>(p</strong></span> <span class='ocrx_word' id='word_1_818' title='bbox 308 5171 392 5232; x_wconf 89' lang='lat' dir='ltr'><strong>S..</strong></span> <span class='ocrx_word' id='word_1_819' title='bbox 434 5187 545 5228; x_wconf 82' lang='lat' dir='ltr'><strong>non</strong></span> <span class='ocrx_word' id='word_1_820' title='bbox 583 5166 832 5228; x_wconf 79' lang='lat' dir='ltr'><strong>ordinata</strong></span> <span class='ocrx_word' id='word_1_821' title='bbox 875 5175 997 5228; x_wconf 85' lang='lat' dir='ltr'><strong>erit.</strong></span> 
     </span>
     <span class='ocr_line' id='line_1_113' title="bbox 119 5241 754 5318; baseline -0.013 -15"><span class='ocrx_word' id='word_1_822' title='bbox 119 5247 180 5318; x_wconf 71' lang='lat' dir='ltr'><strong>(r)</strong></span> <span class='ocrx_word' id='word_1_823' title='bbox 269 5285 305 5308; x_wconf 89' lang='lat'><strong>.,</strong></span> <span class='ocrx_word' id='word_1_824' title='bbox 347 5250 400 5298; x_wconf 87' lang='lat' dir='ltr'><strong>et</strong></span> <span class='ocrx_word' id='word_1_825' title='bbox 422 5241 586 5297; x_wconf 86' lang='lat' dir='ltr'><strong>simul</strong></span> <span class='ocrx_word' id='word_1_826' title='bbox 644 5241 754 5296; x_wconf 82' lang='lat' dir='ltr'><strong>liet.</strong></span> 
     </span>
    </p>
   </div>
   <div class='ocr_carea' id='block_1_39' title="bbox 120 5313 2366 5526">
    <p class='ocr_par' dir='ltr' id='par_1_40' title="bbox 120 5313 2366 5526">
     <span class='ocr_line' id='line_1_114' title="bbox 121 5313 1692 5389; baseline 0.001 -17"><span class='ocrx_word' id='word_1_827' title='bbox 121 5334 210 5389; x_wconf 89' lang='lat' dir='ltr'><strong>pro</strong></span> <span class='ocrx_word' id='word_1_828' title='bbox 237 5331 300 5370; x_wconf 91' lang='lat' dir='ltr'><strong>eo</strong></span> <span class='ocrx_word' id='word_1_829' title='bbox 337 5313 483 5386; x_wconf 86' lang='lat' dir='ltr'><strong>qnod</strong></span> <span class='ocrx_word' id='word_1_830' title='bbox 516 5321 744 5376; x_wconf 87' lang='lat' dir='ltr'><strong>starent,</strong></span> <span class='ocrx_word' id='word_1_831' title='bbox 788 5313 930 5368; x_wconf 88' lang='lat' dir='ltr'><strong>sicut</strong></span> <span class='ocrx_word' id='word_1_832' title='bbox 957 5315 1009 5367; x_wconf 91' lang='lat' dir='ltr'><strong>in</strong></span> <span class='ocrx_word' id='word_1_833' title='bbox 1049 5314 1212 5374; x_wconf 81' lang='lat' dir='ltr'><strong>bello.</strong></span> <span class='ocrx_word' id='word_1_834' title='bbox 1242 5316 1295 5370; x_wconf 92' lang='lat' dir='ltr'><strong>in</strong></span> <span class='ocrx_word' id='word_1_835' title='bbox 1330 5315 1419 5371; x_wconf 90' lang='lat' dir='ltr'><strong>die</strong></span> <span class='ocrx_word' id='word_1_836' title='bbox 1454 5315 1692 5374; x_wconf 85' lang='lat' dir='ltr'><strong>Domini.</strong></span> 
     </span>
     <span class='ocr_line' id='line_1_115' title="bbox 120 5383 2366 5456; baseline -0.003 -12"><span class='ocrx_word' id='word_1_837' title='bbox 120 5387 301 5444; x_wconf 81' lang='lat' dir='ltr'><strong>licabat</strong></span> <span class='ocrx_word' id='word_1_838' title='bbox 328 5384 586 5456; x_wconf 85' lang='lat' dir='ltr'><strong>parietem</strong></span> <span class='ocrx_word' id='word_1_839' title='bbox 638 5383 782 5437; x_wconf 82' lang='lat' dir='ltr'><strong>sieut</strong></span> <span class='ocrx_word' id='word_1_840' title='bbox 825 5383 1084 5452; x_wconf 78' lang='lat' dir='ltr'><strong>lirnium;</strong></span> <span class='ocrx_word' id='word_1_841' title='bbox 1131 5384 1216 5440; x_wconf 89' lang='lat' dir='ltr'><strong>illi.</strong></span> <span class='ocrx_word' id='word_1_842' title='bbox 1242 5397 1424 5440; x_wconf 86' lang='lat' dir='ltr'><strong>antem</strong></span> <span class='ocrx_word' id='word_1_843' title='bbox 1485 5385 1746 5444; x_wconf 85' lang='lat' dir='ltr'><strong>liniebant</strong></span> <span class='ocrx_word' id='word_1_844' title='bbox 1791 5403 1918 5444; x_wconf 78' lang='lat' dir='ltr'><strong>eum</strong></span> <span class='ocrx_word' id='word_1_845' title='bbox 1968 5402 2073 5441; x_wconf 88' lang='lat' dir='ltr'><strong>non</strong></span> <span class='ocrx_word' id='word_1_846' title='bbox 2125 5384 2366 5438; x_wconf 83' lang='lat' dir='ltr'><strong>condito.</strong></span> 
     </span>
     <span class='ocr_line' id='line_1_116' title="bbox 1045 5455 2012 5526; baseline 0.001 -19"><span class='ocrx_word' id='word_1_847' title='bbox 1045 5456 1117 5524; x_wconf 80' lang='lat' dir='ltr'><strong>(z)</strong></span> <span class='ocrx_word' id='word_1_848' title='bbox 1172 5455 1255 5519; x_wconf 87' lang='lat' dir='ltr'><strong>S.,</strong></span> <span class='ocrx_word' id='word_1_849' title='bbox 1297 5457 1393 5511; x_wconf 87' lang='lat' dir='ltr'><strong>scd</strong></span> <span class='ocrx_word' id='word_1_850' title='bbox 1443 5461 1723 5526; x_wconf 74' lang='lat' dir='ltr'><strong>prophetae</strong></span> <span class='ocrx_word' id='word_1_851' title='bbox 1772 5457 2012 5514; x_wconf 82' lang='lat' dir='ltr'><strong>Israelis.</strong></span> 
     </span>
    </p>
   </div>
   <div class='ocr_carea' id='block_1_40' title="bbox 122 5453 967 5525">
    <p class='ocr_par' dir='ltr' id='par_1_41' title="bbox 122 5453 967 5525">
     <span class='ocr_line' id='line_1_117' title="bbox 122 5453 967 5525; baseline -0.007 -12"><span class='ocrx_word' id='word_1_852' title='bbox 122 5458 206 5514; x_wconf 87' lang='lat' dir='ltr'><strong>ubi</strong></span> <span class='ocrx_word' id='word_1_853' title='bbox 257 5457 420 5511; x_wconf 85' lang='lat' dir='ltr'><strong>litura</strong></span> <span class='ocrx_word' id='word_1_854' title='bbox 471 5467 635 5525; x_wconf 79' lang='lat' dir='ltr'><strong>quam</strong></span> <span class='ocrx_word' id='word_1_855' title='bbox 666 5453 967 5508; x_wconf 78' lang='lat' dir='ltr'><strong>linivistis?</strong></span> 
     </span>
    </p>
   </div>
   <div class='ocr_carea' id='block_1_41' title="bbox 844 5172 3359 5320">
    <p class='ocr_par' dir='ltr' id='par_1_42' title="bbox 844 5172 3359 5320">
     <span class='ocr_line' id='line_1_118' title="bbox 1106 5172 2134 5249; baseline -0.016 -4"><span class='ocrx_word' id='word_1_856' title='bbox 1106 5174 1180 5247; x_wconf 74' lang='lat'><strong>(¹1)</strong></span> <span class='ocrx_word' id='word_1_857' title='bbox 1240 5172 1323 5240; x_wconf 57' lang='lat' dir='ltr'><strong>Su</strong></span> <span class='ocrx_word' id='word_1_858' title='bbox 1360 5176 1521 5232; x_wconf 87' lang='lat' dir='ltr'><strong>etiam</strong></span> <span class='ocrx_word' id='word_1_859' title='bbox 1578 5195 1867 5249; x_wconf 80' lang='lat' dir='ltr'><strong>quiescere</strong></span> <span class='ocrx_word' id='word_1_860' title='bbox 1916 5176 2134 5232; x_wconf 86' lang='lat' dir='ltr'><strong>laciam.</strong></span> 
     </span>
     <span class='ocr_line' id='line_1_119' title="bbox 844 5230 3359 5320; baseline -0.007 -19"><span class='ocrx_word' id='word_1_861' title='bbox 844 5247 908 5312; x_wconf 78' lang='lat' dir='ltr'><strong>(t)</strong></span> <span class='ocrx_word' id='word_1_862' title='bbox 959 5244 1040 5308; x_wconf 86' lang='lat' dir='ltr'><strong>S.,</strong></span> <span class='ocrx_word' id='word_1_863' title='bbox 1090 5261 1198 5299; x_wconf 89' lang='lat' dir='ltr'><strong>non</strong></span> <span class='ocrx_word' id='word_1_864' title='bbox 1234 5247 1556 5303; x_wconf 67' lang='lat' dir='ltr'><strong>ascendistis</strong></span> <span class='ocrx_word' id='word_1_865' title='bbox 1606 5253 1659 5304; x_wconf 90' lang='lat' dir='ltr'><strong>in</strong></span> <span class='ocrx_word' id='word_1_866' title='bbox 1709 5259 1968 5320; x_wconf 84' lang='lat' dir='ltr'><strong>rupturas</strong></span> <span class='ocrx_word' id='word_1_867' title='bbox 2010 5259 2186 5315; x_wconf 80' lang='lat' dir='ltr'><strong>neque</strong></span> <span class='ocrx_word' id='word_1_868' title='bbox 2230 5242 2507 5313; x_wconf 75' lang='lat' dir='ltr'><strong>sepivistis</strong></span> <span class='ocrx_word' id='word_1_869' title='bbox 2545 5255 2727 5309; x_wconf 83' lang='lat' dir='ltr'><strong>sepem</strong></span> <span class='ocrx_word' id='word_1_870' title='bbox 2760 5242 2902 5292; x_wconf 82' lang='lat' dir='ltr'><strong>enea</strong></span> <span class='ocrx_word' id='word_1_871' title='bbox 2942 5234 3080 5288; x_wconf 89' lang='lat' dir='ltr'><strong>lilios</strong></span> <span class='ocrx_word' id='word_1_872' title='bbox 3129 5230 3359 5296; x_wconf 81' lang='lat' dir='ltr'><strong>israelis,</strong></span> 
     </span>
    </p>
   </div>
   <div class='ocr_carea' id='block_1_42' title="bbox 1783 4498 3369 5041">
    <p class='ocr_par' dir='ltr' id='par_1_43' title="bbox 1783 4498 3369 4943">
     <span class='ocr_line' id='line_1_120' title="bbox 1788 4498 3361 4579; baseline -0.009 -14"><span class='ocrx_word' id='word_1_873' title='bbox 1788 4525 1893 4565; x_wconf 88' lang='lat' dir='ltr'><strong>nus</strong></span> <span class='ocrx_word' id='word_1_874' title='bbox 1917 4509 2116 4579; x_wconf 82' lang='lat' dir='ltr'><strong>iniqui,</strong></span> <span class='ocrx_word' id='word_1_875' title='bbox 2140 4518 2200 4563; x_wconf 88' lang='lat' dir='ltr'><strong>ut</strong></span> <span class='ocrx_word' id='word_1_876' title='bbox 2227 4507 2451 4562; x_wconf 88' lang='lat' dir='ltr'><strong>omnino</strong></span> <span class='ocrx_word' id='word_1_877' title='bbox 2482 4521 2588 4558; x_wconf 90' lang='lat' dir='ltr'><strong>non</strong></span> <span class='ocrx_word' id='word_1_878' title='bbox 2619 4519 2678 4559; x_wconf 80' lang='lat' dir='ltr'><strong>se</strong></span> <span class='ocrx_word' id='word_1_879' title='bbox 2704 4508 2970 4556; x_wconf 78' lang='lat' dir='ltr'><strong>averteret</strong></span> <span class='ocrx_word' id='word_1_880' title='bbox 2999 4521 3070 4549; x_wconf 70' lang='lat' dir='ltr'><strong>em</strong></span> <span class='ocrx_word' id='word_1_881' title='bbox 3095 4502 3163 4553; x_wconf 91' lang='lat' dir='ltr'><strong>ab</strong></span> <span class='ocrx_word' id='word_1_882' title='bbox 3212 4498 3361 4568; x_wconf 83' lang='lat' dir='ltr'><strong>inju-</strong></span> 
     </span>
     <span class='ocr_line' id='line_1_121' title="bbox 1786 4590 3365 4669; baseline -0.009 -12"><span class='ocrx_word' id='word_1_883' title='bbox 1786 4601 1933 4657; x_wconf 87' lang='lat' dir='ltr'><strong>stitia</strong></span> <span class='ocrx_word' id='word_1_884' title='bbox 1974 4617 2096 4666; x_wconf 88' lang='lat' dir='ltr'><strong>sua,</strong></span> <span class='ocrx_word' id='word_1_885' title='bbox 2127 4607 2182 4654; x_wconf 92' lang='lat' dir='ltr'><strong>et</strong></span> <span class='ocrx_word' id='word_1_886' title='bbox 2210 4600 2233 4669; x_wconf 69' lang='grc' dir='ltr'>ζ</span> <span class='ocrx_word' id='word_1_887' title='bbox 2266 4613 2298 4653; x_wconf 88' lang='lat' dir='ltr'><strong>a</strong></span> <span class='ocrx_word' id='word_1_888' title='bbox 2328 4598 2417 4652; x_wconf 88' lang='lat' dir='ltr'><strong>via</strong></span> <span class='ocrx_word' id='word_1_889' title='bbox 2443 4612 2540 4651; x_wconf 91' lang='lat' dir='ltr'><strong>sua</strong></span> <span class='ocrx_word' id='word_1_890' title='bbox 2572 4595 2734 4656; x_wconf 76' lang='lat' dir='ltr'><strong>mala,</strong></span> <span class='ocrx_word' id='word_1_891' title='bbox 2763 4604 2818 4647; x_wconf 87' lang='lat' dir='ltr'><strong>et</strong></span> <span class='ocrx_word' id='word_1_892' title='bbox 2847 4593 3054 4646; x_wconf 77' lang='lat' dir='ltr'><strong>viveret</strong></span> <span class='ocrx_word' id='word_1_893' title='bbox 3080 4610 3095 4658; x_wconf 91' lang='lat'>;</span> <span class='ocrx_word' id='word_1_894' title='bbox 3117 4590 3207 4645; x_wconf 75' lang='lat'><strong>23.</strong></span> <span class='ocrx_word' id='word_1_895' title='bbox 3243 4603 3365 4660; x_wconf 86' lang='lat' dir='ltr'><strong>pro·</strong></span> 
     </span>
     <span class='ocr_line' id='line_1_122' title="bbox 1785 4680 3369 4765; baseline -0.01 -16"><span class='ocrx_word' id='word_1_896' title='bbox 1785 4703 1907 4765; x_wconf 85' lang='lat' dir='ltr'><strong>pter</strong></span> <span class='ocrx_word' id='word_1_897' title='bbox 1949 4693 2055 4747; x_wconf 86' lang='lat' dir='ltr'><strong>boc</strong></span> <span class='ocrx_word' id='word_1_898' title='bbox 2087 4690 2367 4746; x_wconf 85' lang='lat' dir='ltr'><strong>mendacia</strong></span> <span class='ocrx_word' id='word_1_899' title='bbox 2411 4704 2519 4744; x_wconf 91' lang='lat' dir='ltr'><strong>non</strong></span> <span class='ocrx_word' id='word_1_900' title='bbox 2568 4684 2847 4748; x_wconf 85' lang='lat' dir='ltr'><strong>videbitis,</strong></span> <span class='ocrx_word' id='word_1_901' title='bbox 2898 4691 2952 4737; x_wconf 90' lang='lat' dir='ltr'><strong>et</strong></span> <span class='ocrx_word' id='word_1_902' title='bbox 3000 4680 3369 4734; x_wconf 79' lang='lat' dir='ltr'><strong>divinationes</strong></span> 
     </span>
     <span class='ocr_line' id='line_1_123' title="bbox 1786 4774 3366 4851; baseline -0.011 -11"><span class='ocrx_word' id='word_1_903' title='bbox 1786 4801 1895 4841; x_wconf 89' lang='lat' dir='ltr'><strong>non</strong></span> <span class='ocrx_word' id='word_1_904' title='bbox 1918 4783 2233 4840; x_wconf 82' lang='lat' dir='ltr'><strong>divinabitis</strong></span> <span class='ocrx_word' id='word_1_905' title='bbox 2249 4780 2483 4851; x_wconf 88' lang='lat' dir='ltr'><strong>amplius</strong></span> <span class='ocrx_word' id='word_1_906' title='bbox 2508 4797 2522 4833; x_wconf 75' lang='lat' dir='ltr'><strong>e</strong></span> <span class='ocrx_word' id='word_1_907' title='bbox 2551 4788 2605 4833; x_wconf 90' lang='lat' dir='ltr'><strong>et</strong></span> <span class='ocrx_word' id='word_1_908' title='bbox 2625 4776 2871 4831; x_wconf 87' lang='lat' dir='ltr'><strong>liberabo</strong></span> <span class='ocrx_word' id='word_1_909' title='bbox 2889 4774 3149 4845; x_wconf 86' lang='lat' dir='ltr'><strong>populum</strong></span> <span class='ocrx_word' id='word_1_910' title='bbox 3185 4783 3366 4824; x_wconf 87' lang='lat' dir='ltr'><strong>meum</strong></span> 
     </span>
     <span class='ocr_line' id='line_1_124' title="bbox 1783 4862 3364 4943; baseline -0.015 -8"><span class='ocrx_word' id='word_1_911' title='bbox 1783 4880 1851 4935; x_wconf 87' lang='lat' dir='ltr'><strong>de</strong></span> <span class='ocrx_word' id='word_1_912' title='bbox 1889 4893 2055 4933; x_wconf 85' lang='lat' dir='ltr'><strong>manu</strong></span> <span class='ocrx_word' id='word_1_913' title='bbox 2078 4884 2283 4940; x_wconf 84' lang='lat' dir='ltr'><strong>vestra,</strong></span> <span class='ocrx_word' id='word_1_914' title='bbox 2301 4882 2354 4929; x_wconf 87' lang='lat' dir='ltr'><strong>et</strong></span> <span class='ocrx_word' id='word_1_915' title='bbox 2384 4868 2750 4943; x_wconf 81' lang='lat' dir='ltr'><strong>cognoscetis,</strong></span> <span class='ocrx_word' id='word_1_916' title='bbox 2783 4869 2912 4937; x_wconf 80' lang='lat' dir='ltr'><strong>quia</strong></span> <span class='ocrx_word' id='word_1_917' title='bbox 2945 4881 3045 4933; x_wconf 78' lang='lat' dir='ltr'><strong>ego</strong></span> <span class='ocrx_word' id='word_1_918' title='bbox 3077 4862 3364 4918; x_wconf 88' lang='lat' dir='ltr'><strong>Dominus.</strong></span> 
     </span>
    </p>

    <p class='ocr_par' dir='ltr' id='par_1_44' title="bbox 1852 4950 3367 5041">
     <span class='ocr_line' id='line_1_125' title="bbox 1852 4950 3367 5041; baseline -0.011 -18"><span class='ocrx_word' id='word_1_919' title='bbox 1852 4969 1983 5041; x_wconf 78' lang='lat' dir='ltr'><strong>Cap.</strong></span> <span class='ocrx_word' id='word_1_920' title='bbox 2012 4967 2152 5035; x_wconf 71' lang='lat' dir='ltr'><strong>xlv,</strong></span> <span class='ocrx_word' id='word_1_921' title='bbox 2200 4967 2246 5022; x_wconf 93' lang='grc'><strong>1.</strong></span> <span class='ocrx_word' id='word_1_922' title='bbox 2278 4953 2344 5022; x_wconf 77' lang='lat' dir='ltr'><strong>Et</strong></span> <span class='ocrx_word' id='word_1_923' title='bbox 2379 4972 2642 5020; x_wconf 87' lang='lat' dir='ltr'><strong>venerunt</strong></span> <span class='ocrx_word' id='word_1_924' title='bbox 2666 4961 2730 5016; x_wconf 87' lang='lat' dir='ltr'><strong>ad</strong></span> <span class='ocrx_word' id='word_1_925' title='bbox 2770 4965 2858 5014; x_wconf 85' lang='lat' dir='ltr'><strong>me</strong></span> <span class='ocrx_word' id='word_1_926' title='bbox 2891 4958 2989 5012; x_wconf 85' lang='lat' dir='ltr'><strong>viri</strong></span> <span class='ocrx_word' id='word_1_927' title='bbox 3021 4958 3093 5011; x_wconf 86' lang='lat' dir='ltr'><strong>de&#39;</strong></span> <span class='ocrx_word' id='word_1_928' title='bbox 3132 4950 3367 5014; x_wconf 80' lang='lat' dir='ltr'><strong>seniori·</strong></span> 
     </span>
    </p>
   </div>
   <div class='ocr_carea' id='block_1_43' title="bbox 2226 5161 3356 5242">
    <p class='ocr_par' dir='ltr' id='par_1_45' title="bbox 2226 5161 3356 5242">
     <span class='ocr_line' id='line_1_126' title="bbox 2226 5161 3356 5242; baseline -0.008 -16"><span class='ocrx_word' id='word_1_929' title='bbox 2226 5170 2296 5242; x_wconf 88' lang='lat' dir='ltr'><strong>(r)</strong></span> <span class='ocrx_word' id='word_1_930' title='bbox 2352 5169 2438 5234; x_wconf 88' lang='lat' dir='ltr'><strong>S.,</strong></span> <span class='ocrx_word' id='word_1_931' title='bbox 2493 5179 2548 5225; x_wconf 83' lang='lat' dir='ltr'><strong>et</strong></span> <span class='ocrx_word' id='word_1_932' title='bbox 2582 5185 2688 5224; x_wconf 91' lang='lat' dir='ltr'><strong>non</strong></span> <span class='ocrx_word' id='word_1_933' title='bbox 2719 5166 2985 5222; x_wconf 84' lang='lat' dir='ltr'><strong>divinatio</strong></span> <span class='ocrx_word' id='word_1_934' title='bbox 3006 5161 3356 5219; x_wconf 85' lang='lat' dir='ltr'><strong>lubricitatis.</strong></span> 
     </span>
    </p>
   </div>
   <div class='ocr_carea' id='block_1_44' title="bbox 2470 5301 3360 5518">
    <p class='ocr_par' dir='ltr' id='par_1_46' title="bbox 2470 5301 3360 5518">
     <span class='ocr_line' id='line_1_127' title="bbox 2481 5301 3360 5380; baseline -0.008 -18"><span class='ocrx_word' id='word_1_935' title='bbox 2481 5310 2558 5380; x_wconf 73' lang='lat' dir='ltr'><em>(x.)</em></span> <span class='ocrx_word' id='word_1_936' title='bbox 2615 5309 2697 5374; x_wconf 83' lang='lat' dir='ltr'><strong>S.,</strong></span> <span class='ocrx_word' id='word_1_937' title='bbox 2728 5319 2782 5361; x_wconf 85' lang='lat' dir='ltr'><strong>et</strong></span> <span class='ocrx_word' id='word_1_938' title='bbox 2816 5308 2932 5375; x_wconf 86' lang='lat' dir='ltr'><strong>ipse</strong></span> <span class='ocrx_word' id='word_1_939' title='bbox 2974 5303 3190 5373; x_wconf 75' lang='lat' dir='ltr'><strong>quidem</strong></span> <span class='ocrx_word' id='word_1_940' title='bbox 3229 5301 3360 5356; x_wconf 58' lang='grc' dir='ltr'><strong>πιή-</strong></span> 
     </span>
     <span class='ocr_line' id='line_1_128' title="bbox 2470 5372 3353 5451; baseline -0.01 -17"><span class='ocrx_word' id='word_1_941' title='bbox 2470 5382 2546 5451; x_wconf 80' lang='lat' dir='ltr'><strong>(y)</strong></span> <span class='ocrx_word' id='word_1_942' title='bbox 2592 5380 2679 5442; x_wconf 86' lang='lat' dir='ltr'><strong>S.,</strong></span> <span class='ocrx_word' id='word_1_943' title='bbox 2718 5393 2897 5432; x_wconf 79' lang='lat' dir='ltr'><strong>atinon</strong></span> <span class='ocrx_word' id='word_1_944' title='bbox 2931 5374 3142 5429; x_wconf 83' lang='lat' dir='ltr'><strong>dicetur</strong></span> <span class='ocrx_word' id='word_1_945' title='bbox 3162 5372 3353 5426; x_wconf 83' lang='lat' dir='ltr'><strong>vobis:</strong></span> 
     </span>
     <span class='ocr_line' id='line_1_129' title="bbox 2615 5447 3355 5518; baseline -0.003 -18"><span class='ocrx_word' id='word_1_946' title='bbox 2615 5453 2689 5518; x_wconf 75' lang='lat' dir='ltr'><strong>(h)</strong></span> <span class='ocrx_word' id='word_1_947' title='bbox 2750 5449 2837 5510; x_wconf 77' lang='lat' dir='ltr'><strong>S.,</strong></span> <span class='ocrx_word' id='word_1_948' title='bbox 2899 5447 3083 5501; x_wconf 87' lang='lat' dir='ltr'><strong>subter</strong></span> <span class='ocrx_word' id='word_1_949' title='bbox 3138 5458 3355 5498; x_wconf 86' lang='lat' dir='ltr'><strong>omnem</strong></span> 
     </span>
    </p>
   </div>
   <div class='ocr_carea' id='block_1_45' title="bbox 1784 5314 2373 5390">
    <p class='ocr_par' dir='ltr' id='par_1_47' title="bbox 1784 5314 2373 5390">
     <span class='ocr_line' id='line_1_130' title="bbox 1784 5314 2373 5390; baseline -0.015 -17"><span class='ocrx_word' id='word_1_950' title='bbox 1784 5323 1863 5390; x_wconf 73' lang='lat' dir='ltr'><strong>(n)</strong></span> <span class='ocrx_word' id='word_1_951' title='bbox 1918 5316 1973 5371; x_wconf 81' lang='lat' dir='ltr'><strong>ln</strong></span> <span class='ocrx_word' id='word_1_952' title='bbox 2016 5314 2373 5370; x_wconf 85' lang='lat' dir='ltr'><strong>divinatione.</strong></span> 
     </span>
    </p>
   </div>
   <div class='ocr_carea' id='block_1_46' title="bbox 2091 5451 2535 5522">
    <p class='ocr_par' dir='ltr' id='par_1_48' title="bbox 2091 5451 2535 5522">
     <span class='ocr_line' id='line_1_131' title="bbox 2091 5451 2535 5522; baseline -0.007 -15"><span class='ocrx_word' id='word_1_953' title='bbox 2091 5453 2168 5522; x_wconf 83' lang='lat' dir='ltr'><strong>(a)</strong></span> <span class='ocrx_word' id='word_1_954' title='bbox 2203 5451 2286 5516; x_wconf 88' lang='lat' dir='ltr'><strong>S.,</strong></span> <span class='ocrx_word' id='word_1_955' title='bbox 2344 5459 2535 5506; x_wconf 84' lang='lat' dir='ltr'><strong>strata.</strong></span> 
     </span>
    </p>
   </div>
   <div class='ocr_carea' id='block_1_47' title="bbox 121 5511 3356 5664">
    <p class='ocr_par' dir='ltr' id='par_1_49' title="bbox 121 5511 3356 5664">
     <span class='ocr_line' id='line_1_132' title="bbox 121 5511 3356 5664; baseline -0.006 -81"><span class='ocrx_word' id='word_1_956' title='bbox 121 5528 390 5583; x_wconf 73' lang='lat' dir='ltr'><strong>cervicem.</strong></span> <span class='ocrx_word' id='word_1_957' title='bbox 464 5524 572 5664; x_wconf 43' lang='grc' dir='ltr'><strong>(ἐς)</strong></span> <span class='ocrx_word' id='word_1_958' title='bbox 627 5522 709 5588; x_wconf 79' lang='lat' dir='ltr'><strong>S.,</strong></span> <span class='ocrx_word' id='word_1_959' title='bbox 764 5527 977 5578; x_wconf 83' lang='lat' dir='ltr'><strong>animas</strong></span> <span class='ocrx_word' id='word_1_960' title='bbox 1023 5525 1363 5581; x_wconf 85' lang='lat' dir='ltr'><strong>venabantur</strong></span> <span class='ocrx_word' id='word_1_961' title='bbox 1413 5530 1614 5606; x_wconf 79' lang='lat' dir='ltr'><strong>populo</strong></span> <span class='ocrx_word' id='word_1_962' title='bbox 1671 5545 1832 5592; x_wconf 84' lang='lat' dir='ltr'><strong>meo;</strong></span> <span class='ocrx_word' id='word_1_963' title='bbox 1890 5527 2103 5581; x_wconf 87' lang='lat' dir='ltr'><strong>animas</strong></span> <span class='ocrx_word' id='word_1_964' title='bbox 2162 5533 2345 5577; x_wconf 86' lang='lat' dir='ltr'><strong>autem</strong></span> <span class='ocrx_word' id='word_1_965' title='bbox 2397 5521 2553 5577; x_wconf 75' lang='lat' dir='ltr'><strong>vobis</strong></span> <span class='ocrx_word' id='word_1_966' title='bbox 2608 5518 2828 5572; x_wconf 76' lang='lat' dir='ltr'><strong>dixistis</strong></span> <span class='ocrx_word' id='word_1_967' title='bbox 2861 5516 2918 5588; x_wconf 89' lang='lat' dir='ltr'><strong>(i.</strong></span> <span class='ocrx_word' id='word_1_968' title='bbox 2954 5531 3004 5571; x_wconf 86' lang='lat' dir='ltr'><strong>e.</strong></span> <span class='ocrx_word' id='word_1_969' title='bbox 3054 5511 3356 5579; x_wconf 72' lang='lat' dir='ltr'><strong>studuistis)</strong></span> 
     </span>
    </p>
   </div>
   <div class='ocr_carea' id='block_1_48' title="bbox 122 5599 353 5724">
    <p class='ocr_par' dir='ltr' id='par_1_50' title="bbox 122 5599 353 5724">
     <span class='ocr_line' id='line_1_133' title="bbox 122 5599 353 5653; baseline -0.009 0"><span class='ocrx_word' id='word_1_970' title='bbox 122 5599 353 5653; x_wconf 76' lang='lat' dir='ltr'><strong>liberare.</strong></span> 
     </span>
     <span class='ocr_line' id='line_1_134' title="bbox 122 5669 264 5724; baseline -0.007 0"><span class='ocrx_word' id='word_1_971' title='bbox 122 5669 264 5724; x_wconf 79' lang='lat' dir='ltr'><strong>batis.</strong></span> 
     </span>
    </p>
   </div>
   <div class='ocr_carea' id='block_1_49' title="bbox 529 5589 2416 5670">
    <p class='ocr_par' dir='ltr' id='par_1_51' title="bbox 529 5589 2416 5670">
     <span class='ocr_line' id='line_1_135' title="bbox 529 5589 2416 5670; baseline -0.002 -20"><span class='ocrx_word' id='word_1_972' title='bbox 529 5599 542 5640; x_wconf 75' lang='lat' dir='ltr'><strong>i</strong></span> <span class='ocrx_word' id='word_1_973' title='bbox 591 5594 951 5660; x_wconf 75' lang='lat' dir='ltr'><strong>S.,venamini</strong></span> <span class='ocrx_word' id='word_1_974' title='bbox 1003 5595 1233 5662; x_wconf 78' lang='lat' dir='ltr'><strong>atiiinas,</strong></span> <span class='ocrx_word' id='word_1_975' title='bbox 1283 5613 1439 5667; x_wconf 71' lang='lat' dir='ltr'><strong>quasi</strong></span> <span class='ocrx_word' id='word_1_976' title='bbox 1474 5598 1734 5656; x_wconf 80' lang='lat' dir='ltr'><strong>volarent.</strong></span> <span class='ocrx_word' id='word_1_977' title='bbox 1817 5603 1885 5670; x_wconf 68' lang='lat' dir='ltr'><strong>(e)</strong></span> <span class='ocrx_word' id='word_1_978' title='bbox 1931 5596 2011 5662; x_wconf 80' lang='lat' dir='ltr'><strong>S.,</strong></span> <span class='ocrx_word' id='word_1_979' title='bbox 2049 5589 2416 5650; x_wconf 81' lang='lat' dir='ltr'><strong>etdimitta&#39;m.</strong></span> 
     </span>
    </p>
   </div>
   <div class='ocr_carea' id='block_1_50' title="bbox 2511 5586 3355 5660">
    <p class='ocr_par' dir='ltr' id='par_1_52' title="bbox 2511 5586 3355 5660">
     <span class='ocr_line' id='line_1_136' title="bbox 2511 5586 3355 5660; baseline -0.013 -14"><span class='ocrx_word' id='word_1_980' title='bbox 2511 5589 2578 5660; x_wconf 72' lang='lat' dir='ltr'><strong>(s)</strong></span> <span class='ocrx_word' id='word_1_981' title='bbox 2619 5587 2701 5656; x_wconf 82' lang='lat' dir='ltr'><strong>S.,</strong></span> <span class='ocrx_word' id='word_1_982' title='bbox 2730 5588 2799 5644; x_wconf 81' lang='lat' dir='ltr'><strong>ob</strong></span> <span class='ocrx_word' id='word_1_983' title='bbox 2830 5588 2878 5643; x_wconf 84' lang='lat' dir='ltr'><strong>iu</strong></span> <span class='ocrx_word' id='word_1_984' title='bbox 2921 5586 3062 5658; x_wconf 82' lang='lat' dir='ltr'><strong>quod</strong></span> <span class='ocrx_word' id='word_1_985' title='bbox 3133 5592 3355 5654; x_wconf 68' lang='lat' dir='ltr'><strong>torque⁴</strong></span> 
     </span>
    </p>
   </div>
  </div>
 </body>
</html>
