3967 6217
174 413 352 470 2717

1441 400 1850 462 tit-:metuis
1887 401 2117 458 CAPUT
2160 401 2277 457 XX.

3335 404 3474 462 2118

180 524 258 580 in
291 524 584 597 prreceptis
611 524 746 581 meis
771 523 1068 591 ambulate,
1101 533 1156 579 et
1174 521 1602 593 iustificationes
1642 533 1795 576 meas
1823 518 1867 575 Α
1897 532 2098 582 meam,
2134 525 2196 572 ut
2220 515 2409 572 darem
2432 528 2550 570 eam
2587 513 2715 569 iliis.
2740 511 3077 568 Etviderunt
3113 528 3333 574 ornnem
3362 520 3478 573 col-

186 617 512 683 rustodite,
544 625 602 672 ut
624 615 834 671 faciatis
863 631 979 678 eas.
1006 630 1146 687 quas
1191 613 1354 670 saciet
1380 627 1476 670 eas
1526 613 1713 675 homo,
1748 619 1803 667 et

192 710 363 766 vivet
387 708 441 764 ‘tn
470 708 572 766 eis.
598 707 667 764 Et
701 707 986 765 irritarunt
1014 723 1100 763 me
1138 709 1333 763 domus
1364 704 1579 761 israelis
1602 705 1658 758 in
1690 703 1794 759 de·

192 809 372 856 serto
401 816 415 853 ε
445 799 498 854 in
538 798 824 869 praeceptis
849 800 988 855 meis
1007 811 1116 854 non
1158 797 1529 861 ambularunt,
1558 805 1611 850 et
1638 793 1802 864 justi-

194 891 507 947 ficationes
534 903 685 944 meas
708 889 1046 958 repulerunt,
1072 903 1210 960 quas
1230 885 1394 944 faciet
1413 901 1510 942 eas
1541 884 1727 949 bomo,
1747 891 1803 940 et

189 985 361 1042 vivet
383 987 436 1040 in
462 985 546 1039 eis
576 1000 590 1037 ε
619 990 676 1038 et
705 982 927 1037 sabbata
968 996 1089 1037 mea
1131 978 1497 1052 profanat-unt
1534 977 1711 1034 valde.
1736 976 1802 1031 Et

188 1075 328 1132 dixi
366 1092 383 1132 ε
415 1074 480 1130 Et
508 1072 784 1129 effundam
808 1071 1047 1128 furorem
1072 1086 1254 1128 meum
1282 1084 1447 1140 super
1483 1083 1578 1124 eos
1628 1067 1681 1122 in
1706 1065 1801 1122 de-

185 1177 392 1233 serto,
423 1174 484 1222 et
518 1178 844 1222 consumam
895 1177 1012 1219 eos.
1053 1164 1140 1217 li.
1201 1160 1272 1216 Et
1322 1159 1447 1226 leci,
1500 1166 1560 1215 ut
1601 1172 1801 1213 nomen

187 1271 400 1314 meum
429 1255 655 1312 omuino
679 1271 789 1312 non
851 1237 1236 1326 profanaretur
1291 1265 1478 1307 coram
1524 1249 1797 1322 gentibus,

188 1362 451 1418 quarum
488 1347 655 1404 eduxi
689 1362 784 1403 eos
821 1353 950 1402 ante
976 1345 1168 1402 oculos
1198 1357 1411 1400 earum.
1466 1339 1553 1396 ¹5.
1600 1337 1666 1395 Et
1698 1355 1799 1408 ego

195 1437 394 1493 levavi
423 1452 648 1494 manum
671 1452 850 1494 meam
877 1451 1044 1507 super
1074 1450 1172 1493 eos
1223 1434 1281 1490 in
1335 1434 1572 1500 deserto,
1600 1439 1661 1488 ut
1680 1445 1799 1486 om·

197 1529 353 1584 nino
377 1545 490 1586 non
518 1529 925 1587 introducerem
959 1543 1055 1584 eos
1115 1527 1170 1584 in
1203 1535 1426 1592 terram,
1477 1539 1643 1596 quam
1675 1524 1802 1581 dedi

196 1619 318 1684 eis,
361 1626 565 1675 terram
599 1619 858 1676 liuentem
897 1618 1038 1674 lacte
1081 1626 1138 1674 et
1183 1616 1382 1674 melle:
1430 1616 1492 1688 (ι’)
1531 1615 1693 1674 favus
1719 1624 1805 1674 est

207 1706 346 1777 plus
386 1723 552 1779 quam
580 1708 764 1766 omnis
798 1716 964 1764 terra.
990 1706 1076 1763 ¹6.
1098 1705 1206 1763 Pro
1234 1721 1302 1763 eo
1333 1706 1482 1778 quod
1533 1705 1800 1777 iustifica-

210 1798 404 1854 tiones
439 1814 592 1855 meas
641 1800 985 1870 repulerunt,
1009 1808 1063 1855 et
1090 1798 1144 1854 in
1204 1798 1488 1871 praeceptis
1529 1799 1665 1854 meis
1689 1812 1798 1853 non
1829 1818 1874 1875 Β

209 1889 571 1946 ambularunt
608 1890 660 1946 in
696 1892 799 1954 eis,
840 1890 1139 1946 etsabbata
1172 1904 1292 1945 mea
1327 1888 1703 1960 profanarum,
1722 1889 1797 1960 (Ιε)

211 1989 426 2051 etpost
449 1983 808 2053 cogitationes
825 1985 1075 2040 cordium
1095 1999 1324 2041 suorum
1355 1985 1791 2051 ambulaverunt,

221 2069 320 2128 ¹7.
353 2082 410 2128 et
441 2074 683 2144 pepercit
708 2075 902 2131 oculus
930 2090 1089 2132 meus
1119 2091 1287 2149 super
1340 2091 1458 2142 eos,
1513 2076 1582 2131 ad
1617 2075 1802 2132 delen·

213 2162 350 2220 dum
385 2177 505 2228 eos.
557 2171 616 2219 et
671 2180 782 2221 non
808 2164 912 2222 scci
939 2183 1036 2224 eos
1088 2166 1146 2221 in
1187 2168 1712 2223 consummationem
1747 2166 1804 2222 in

215 2256 464 2313 deserto.
493 2255 666 2313 tat-:t
696 2259 810 2314 dixi
833 2259 901 2315 ad
949 2258 1093 2315 lilios
1118 2274 1315 2329 eornm
1359 2259 1414 2314 in
1446 2260 1662 2316 deserto
1691 2276 1705 2313 t
1740 2258 1799 2314 in

217 2347 486 2419 legitimis
514 2357 731 2419 patrum
759 2358 1067 2407 vestrorum
1107 2366 1177 2417 ne
1223 2351 1512 2418 incedatis,
1544 2361 1600 2409 et
1646 2352 1804 2424 justi-

221 2437 514 2495 ficationes
528 2454 721 2496 eorum
749 2455 820 2495 ne
847 2440 1190 2511 custodiatis,
1221 2451 1279 2498 et
1302 2442 1501 2499 studiis
1523 2442 1588 2515 (Ι)
1607 2457 1800 2499 eorum

215 2541 287 2585 -ι-
314 2543 384 2584 ne
402 2528 570 2585 simul
591 2531 960 2598 misceamini,
981 2541 1037 2588 et
1068 2534 1093 2602 ζ
1119 2549 1188 2590 ne
1211 2534 1554 2604 polluamini.
1582 2535 1667 2592 19.
1687 2534 1801 2606 Ego

219 2616 495 2673 Dominus
527 2615 673 2675 Deus
694 2627 916 2675 vester:
945 2619 1000 2675 in
1016 2621 1305 2691 praeceptis
1331 2621 1471 2676 meis
1500 2621 1796 2685 ambulate,

216 2719 275 2764 et
308 2708 732 2779 iustificationes
755 2725 906 2768 meas
934 2712 1240 2780 custodite,
1292 2719 1349 2767 et
1379 2712 1540 2769 facite
1559 2728 1673 2769 eas.
1703 2712 1795 2770 20.

215 2799 291 2855 Et
321 2799 550 2858 sabbata
579 2817 702 2860 mea
733 2802 1093 2870 sanctificate,
1116 2813 1173 2859 et
1190 2804 1301 2860 sint
1330 2802 1388 2860 in
1416 2805 1633 2877 signum
1655 2805 1798 2862 inter

213 2907 310 2948 me
337 2901 395 2948 et
422 2895 491 2961 χ
522 2891 663 2948 inter
695 2892 721 2962 ζ
748 2907 868 2959 vos,
908 2901 969 2948 ut
1003 2894 1211 2957 sciatis,
1246 2895 1374 2967 quia
1406 2909 1509 2967 ego
1533 2896 1798 2956 Dominus

217 2982 364 3040 Deus
382 2992 585 3040 vester.
612 2983 704 3039 2¹.
734 2983 801 3040 Et
823 2985 1252 3042 exarcerbarunt
1273 3001 1382 3054 me,
1434 3001 1500 3043 -t-
1544 2997 1600 3044 et
1633 2989 1657 3056 ζ
1699 2989 1798 3045 lilii

214 3089 410 3130 eurum
439 3076 492 3129 in
517 3076 809 3146 praeceptis
833 3078 970 3133 meis
1003 3092 1110 3134 non
1143 3079 1512 3143 ambularunt.
1546 3088 1601 3138 et
1636 3080 1799 3152 justi—

1904 611 2011 666 lem
2042 610 2346 673 excelsum,
2377 618 2434 676 et
2470 623 2689 664 omnem
2743 606 2995 662 arborem
3050 606 3394 674 umbrosam,
3425 622 3481 665 et

1903 700 2287 756 sacrificarunt
2332 700 2408 756 ibi
2441 700 2546 756 diis
2591 701 2726 760 suis.
2778 713 2838 754 -1-
2874 708 2930 753 et
2975 698 3376 754 constituerunt
3405 700 3475 754 ibi

1903 788 2236 859 spiraculum
2253 787 2521 844 donorum
2544 802 2771 843 suorum
2791 786 2816 855 ζ
2840 825 2855 851 ,
2871 794 3235 858 etposuerunt
3252 787 3328 842 ibi
3344 789 3478 843 odo·

1904 892 2020 934 rem
2057 893 2283 933 suavem
2308 887 2566 944 suum,ct
2590 879 2900 935 libaverunt
2940 878 3200 934 libamina
3233 893 3354 933 sua.
3383 877 3476 933 29.

1902 968 1970 1023 Et
2003 967 2116 1025 dixi
2145 970 2210 1023 ad
2236 985 2331 1025 eos
2354 969 2530 1036 :Quid
2557 978 2642 1027 est
2677 971 2750 1042 (p)
2782 970 2989 1037 Abana,
3015 970 3161 1042 quod
3195 985 3293 1026 vos
3309 970 3478 1025 intra-

1903 1051 1974 1116 ti's
2000 1060 2171 1116 illuc?
2192 1060 2260 1114 Et
2287 1070 2556 1117 vocarunt
2587 1077 2785 1118 nomen
2811 1062 2930 1133 ejus
2966 1064 3038 1135 (q)
3069 1063 3280 1127 Abana,
3300 1075 3478 1132 usque

1901 1153 1968 1207 ad
2007 1151 2150 1208 diem
2184 1151 2526 1208 hodiernum.
2553 1153 2645 1208 50.
2672 1153 2898 1223 Propter
2921 1154 3027 1209 hoc
3054 1154 3141 1209 dic
3161 1154 3229 1208 ad
3254 1154 3478 1209 domum

1901 1239 2124 1300 Israelis
2149 1263 2162 1298 z
2192 1242 2318 1298 Haec
2344 1242 2474 1299 dicit
2499 1241 2762 1298 Dominus
2786 1243 2855 1314 (r)
2879 1241 3175 1299 Dominus:
3207 1243 3263 1297 Si
3291 1243 3346 1298 in
3369 1242 3478 1297 ini-

1902 1335 2202 1405 quitatibus
2223 1343 2437 1405 patrum
2459 1339 2765 1388 vestrorum
2787 1347 2886 1388 vos
2907 1334 3234 1403 polluimini,
3269 1343 3324 1390 et
3354 1341 3481 1405 post

1902 1426 2336 1482 abominationes
2361 1440 2553 1481 eorum
2580 1438 2680 1480 vos
2695 1426 3038 1488 scortamini,
3085 1427 3175 1483 51.
3198 1435 3252 1480 et
3276 1425 3330 1481 in
3366 1425 3482 1496 pri-

1902 1517 2074 1574 mitiis
2094 1533 2386 1574 munerum
2434 1526 2740 1574 vestrorum
2802 1517 2860 1572 in
2901 1520 3341 1588 separationibus
3386 1534 3480 1576 ve·

1903 1611 2055 1675 stris,
2087 1626 2211 1665 cum
2238 1608 2524 1666 traducitis
2552 1602 2696 1665 iiiios
2728 1619 2944 1665 vestros
2974 1610 3030 1664 in
3054 1610 3208 1680 igne,
3237 1625 3337 1667 vos
3355 1612 3479 1681 pol-

1901 1697 2118 1754 luimini
2163 1700 2217 1754 in
2241 1698 2497 1755 omnibus
2520 1697 2944 1769 cogitationibus
2972 1696 3173 1754 vestris
3204 1713 3380 1769 usque
3407 1700 3479 1754 ad

1901 1790 2048 1845 diem
2084 1789 2411 1845 hodiernum
2438 1807 2452 1843 x
2479 1799 2536 1847 et
2564 1805 2665 1861 ego
2701 1789 3046 1861 respondebo
3072 1790 3251 1858 vobis,
3281 1790 3478 1846 domus

1904 1881 2152 1939 israelis?
2200 1881 2336 1940 Vivo
2383 1897 2507 1954 ego,
2557 1883 2692 1939 dicit
2752 1880 2963 1939 Adonai
3005 1882 3290 1947 Dominus,
3316 1882 3361 1938 si
3386 1897 3477 1938 re-

1903 1973 2185 2044 spondebo
2217 1974 2393 2041 vobis,
2446 1983 2500 2030 et
2536 1974 2585 2029 si
2629 1975 2887 2030 ascendet
2910 1988 3076 2045 super
3108 1974 3359 2045 spiritum
3383 1988 3477 2029 ve-

1903 2071 2078 2120 strum
2103 2065 2230 2131 boc,
2264 2064 2354 2119 52.
2383 2072 2439 2120 et
2459 2078 2568 2119 non
2606 2064 2732 2132 erit,
2767 2065 3231 2136 quemadmodum
3265 2078 3361 2120 vos
3397 2065 3478 2120 ‹ti-

1904 2156 2033 2212 citis
2057 2171 2070 2208 t
2107 2155 2326 2212 Erimus
2346 2155 2717 2229 sicutgenteS‚
2745 2165 2800 2213 et
2823 2156 2966 2213 sicut
2991 2155 3169 2212 tribus
3203 2162 3383 2222 terrae,
3410 2158 3477 2211 ad

1903 2249 2192 2307 colendum
2215 2250 2384 2322 ligna,
2405 2260 2460 2305 et
2478 2250 2708 2322 lapides.
2738 2251 2830 2306 55.
2857 2250 3159 2322 -t-Propter
3175 2251 3280 2307 hoc
3311 2251 3333 2319 ζ
3358 2233 3479 2306 vivo

1902 2356 2026 2412 ego,
2055 2340 2187 2396 dicit
2210 2340 2421 2396 Adonai
2448 2340 2713 2398 Dominus
2735 2382 2751 2409 ,
2786 2341 2894 2399 nisi
2917 2342 2972 2397 in
2997 2357 3160 2397 manu
3184 2342 3481 2413 potenti,et

1903 2433 1959 2489 in
1995 2433 2223 2491 brachio
2252 2433 2491 2502 excelso,
2534 2434 2670 2490 etin
2718 2435 2907 2492 lurore
2963 2435 3138 2492 effuso
3182 2448 3479 2507 regnavere

1901 2540 2069 2596 super
2096 2528 2326 2594 vos,54.
2352 2536 2408 2583 et
2438 2527 2665 2584 educam
2735 2542 2836 2584 vos
2887 2543 2954 2583 ex
2990 2528 3239 2598 populis,
3271 2537 3327 2582 et
3348 2528 3481 2584 reci-

1900 2616 2048 2687 piam
2074 2633 2176 2675 vos
2205 2634 2238 2675 e
2257 2618 2595 2691 regionibus,
2631 2618 2834 2689 quibus
2858 2617 3092 2689 dispersi
3113 2619 3245 2674 estis
3293 2619 3347 2673 in
3373 2619 3476 2682 eis,

1903 2708 1960 2763 in
1985 2724 2154 2767 manu
2184 2711 2414 2782 potenti,
2450 2718 2505 2766 et
2527 2709 2843 2768 in.bracbio
2871 2710 3112 2775 excelso,
3136 2718 3191 2765 et
3216 2711 3273 2764 in
3291 2708 3477 2764 surore

1902 2799 2102 2859 effuso.
2132 2802 2223 2858 35.
2252 2802 2317 2858 Et
2332 2802 2600 2858 adducam
2627 2816 2724 2858 vos
2739 2802 2795 2856 in
2823 2800 3096 2858 desertum
3123 2800 3474 2872 populorum.

1901 2903 1959 2952 et
1978 2895 2191 2967 judicio
2222 2893 2548 2951 contendam
2579 2894 2846 2949 adversus
2865 2906 2965 2948 vos
3007 2891 3085 2947 ibi
3121 2891 3260 2948 facie
3285 2900 3477 2947 contra

1900 2989 2119 3047 faeiem.
2150 2987 2240 3044 56.
2263 2986 2733 3055 Quemadmodum
2755 2985 2963 3054 jndicio
2996 2984 3250 3042 contendi
3288 2985 3479 3040 adver-

1902 3094 2000 3136 sus
2021 3088 2203 3149 patres
2225 3088 2437 3135 vestros
2454 3077 2508 3133 in
2530 3076 2766 3143 deserto,
2795 3091 2922 3132 cum
2940 3075 3104 3131 eduxi
3124 3090 3225 3132 eos
3239 3090 3305 3130 ex
3332 3082 3480 3131 terra

219 3166 506 3223 {lectiones
561 3182 713 3224 meas
775 3183 887 3224 non
941 3170 1347 3236 custodierunt,
1391 3171 1460 3226 ad
1493 3170 1803 3228 faciendum
1831 3175 1878 3237 C
1907 3169 2153 3242 AEgypti,
2188 3170 2270 3225 sic
2289 3166 2550 3238 iudicabo
2574 3182 2690 3235 vos,
2722 3166 2858 3222 dicit
2901 3165 3167 3223 Dominus
3189 3165 3258 3239 (ε)
3293 3165 3480 3223 Domi-

218 3267 476 3325 easquas
505 3253 674 3313 faciet
727 3259 796 3325 3⁸(
841 3259 986 3328 eas:
1022 3258 1218 3324 bomo,
1246 3267 1303 3313 et
1352 3259 1498 3314 vivet
1527 3260 1583 3314 in
1610 3261 1713 3326 eis,
1751 3272 1807 3318 et

197 3345 450 3402 -sabbata
482 3363 605 3404 mea
619 3348 1004 3418 profanarent.
1031 3349 1095 3405 Et
1115 3351 1232 3406 dixi
1255 3350 1534 3407 effundere
1560 3351 1804 3409 i'urorem

221 3451 405 3492 meum
437 3452 605 3508 super
625 3454 742 3502 eos,
782 3439 850 3493 ad
879 3441 1261 3509 complendum
1283 3444 1422 3497 iram
1445 3459 1620 3500 meam
1643 3461 1806 3516 super

221 3541 318 3583 eos
374 3527 430 3582 in
487 3529 727 3584 deserto.
782 3529 873 3584 22.
921 3535 986 3599 ³(
1046 3533 1114 3587 Et
1177 3535 1424 3590 converti
1468 3536 1550 3591 cis
1582 3551 1803 3595 manum

225 3629 404 3672 nicam
438 3617 463 3687 ζ
490 3657 506 3682 ,
532 3627 590 3673 et
624 3617 748 3686 feci,
777 3628 837 3673 ut
875 3634 1075 3678 nornen
1110 3637 1291 3678 meum
1318 3640 1482 3696 super
1503 3642 1669 3683 omne
1693 3645 1800 3685 non

223 3709 608 3780 profanaretur
638 3725 824 3767 coram
845 3712 1080 3781 populis,
1107 3728 1341 3786 quorum
1374 3715 1537 3772 eduxi
1562 3733 1660 3774 eos
1677 3729 1803 3778 ante

223 3800 413 3857 oculos
440 3815 649 3857 eorum.
680 3802 850 3859 23.Ει
884 3807 952 3874 2⁸(
983 3803 1009 3875 ζ
1043 3805 1213 3861 levavi
1248 3822 1471 3863 manum
1501 3825 1676 3867 meam
1707 3827 1802 3868 su-

224 3903 319 3959 per
337 3903 434 3946 eos
463 3889 520 3947 in
551 3894 787 3959 deserto,
825 3892 893 3948 ad
924 3896 1349 3968 dispergendum
1393 3914 1489 3957 eos
1535 3901 1591 3956 in
1618 3904 1798 3973 genti·

223 3981 346 4048 11115,
373 3994 430 4037 et
459 3983 527 4038 ad
589 3985 1056 4042 disseminandum
1109 4001 1208 4045 eos
1244 3990 1299 4045 in
1339 3994 1679 4063 regionibus,
1705 3994 1796 4050 24.

224 4087 323 4141 pro
349 4088 417 4129 eo
452 4078 598 4146 quod
633 4078 1061 4148 justificationes
1099 4095 1250 4136 meas
1276 4096 1387 4137 non
1428 4081 1708 4151 fecerunt,
1744 4095 1799 4140 et

225 4178 489 4238 precepta
526 4184 644 4224 mea
671 4159 1015 4242 repulerunt,
1044 4179 1101 4226 ct
1129 4171 1359 4227 sabbata
1391 4187 1511 4228 mea
1542 4172 1799 4244 prolana-

229 4266 375 4327 runt,
400 4259 498 4331 (m)
533 4269 587 4315 et
624 4271 748 4332 post
770 4264 1129 4334 cogitationes
1157 4272 1374 4335 patrum
1392 4280 1619 4321 suorum
1637 4275 1799 4321 erant

226 4349 366 4406 oculi
404 4365 619 4408 eornm.
658 4352 751 4409 25.
798 4353 866 4409 Et
904 4368 1010 4426 ego
1055 4353 1179 4411 dedi
1244 4356 1327 4411 eis
1365 4366 1634 4427 praecepta
1685 4373 1796 4414 non

229 4443 387 4506 bona.
421 4452 476 4500 et
501 4444 943 4515 justificationes,
978 4448 1181 4520 quibus
1230 4463 1341 4505 non
1394 4450 1575 4506 vivent
1596 4451 1650 4505 in
1688 4451 1790 4508 eis.

1911 3274 2038 3314 nus.
2059 3259 2148 3313 57.
2167 3256 2235 3312 Et
2274 3256 2553 3313 traducam
2594 3271 2696 3312 vos
2726 3257 2830 3312 sub
2868 3256 3019 3327 virga
3059 3273 3202 3324 mea,
3229 3258 3293 3329 (t)
3320 3267 3376 3313 et
3400 3258 3481 3313 in-

1910 3348 2191 3402 troducam
2218 3360 2317 3401 vos
2339 3345 2392 3400 iu
2412 3359 2640 3401 numero
2657 3346 3050 3417 *testamenti
3079 3347 3143 3414 ζ,
3183 3346 3272 3402 58.
3300 3356 3355 3403 et
3380 3349 3482 3404 eli-

1906 3454 2031 3511 gam
2052 3453 2083 3494 e
2110 3437 2271 3494 vobis
2299 3444 2575 3508 apostatas
2611 3446 2668 3492 et
2686 3437 2886 3508 impios
2910 3454 2927 3505 ;
2957 3437 3136 3507 quiae
3162 3446 3302 3493 terra
3330 3438 3480 3495 inco-

1905 3530 2048 3586 latus
2068 3544 2256 3586 eorum
2278 3529 2507 3585 educam
2535 3544 2659 3596 eos,
2691 3539 2747 3585 et
2775 3530 2830 3585 in
2866 3538 3067 3586 terram
3123 3530 3339 3588 israelis
3366 3545 3477 3587 non

1903 3623 2298 3695 ingredientur,
2330 3631 2386 3681 et
2432 3622 2797 3694 cognoscetis,
2852 3621 3001 3693 quod
3034 3637 3134 3691 ego
3191 3621 3474 3678 Dominus,

1900 3715 1992 3771 29.
2029 3715 2095 3773 Et
2114 3733 2233 3783 vos,
2264 3716 2463 3773 domus
2487 3715 2728 3783 israelis,
2764 3717 2879 3772 baec
2933 3715 3069 3773 dicit
3097 3715 3362 3773 Dominus
3395 3716 3476 3788 (n)

1901 3806 2205 3864 Dominus:
2252 3805 2637 3877 Unusquisque
2672 3806 2750 3878 (x)
2803 3806 2982 3862 studia
3038 3820 3137 3862 sua
3179 3806 3390 3880 toilite,
3422 3817 3478 3860 et

1898 3910 2021 3969 post
2053 3900 2170 3955 baec
2191 3900 2239 3957 si
2260 3915 2358 3956 vos
2376 3916 2488 3956 non
2528 3899 2820 3956 audieritis
2848 3915 2956 3963 me,
2977 3907 3032 3955 et
3053 3915 3251 3956 nomen
3286 3915 3473 3957 meum

1897 3999 2151 4046 sarnetum
2194 4006 2304 4046 nen
2357 3989 2778 4061 profanaveritis
2824 3990 3061 4061 amplius
3114 3991 3172 4046 in
3214 3990 3373 4047 donis
3390 4006 3476 4045 ve-

1899 4082 2052 4148 stris,
2081 4091 2137 4137 ct
2166 4082 2226 4136 in
2246 4081 2445 4136 studiis
2494 4079 2736 4145 vestris;
2779 4078 2868 4133 ⁴0.
2924 4081 3055 4150 quia
3091 4096 3258 4150 snper
3287 4088 3475 4138 monta

1897 4169 2206 4224 sanctitatis
2238 4182 2405 4236 meae;
2435 4184 2600 4239 super
2632 4177 2821 4225 monte
2841 4170 3059 4225 excelso
3082 4169 3474 4236 israelis,dicit

1897 4261 2165 4318 Dominus
2196 4259 2480 4329 Dominus,
2507 4261 2579 4316 ibi
2605 4262 2787 4317 colent
2823 4261 3106 4318 servitium
3169 4265 3350 4320 omnis
3374 4266 3473 4320 rie·

1900 4354 2261 4411 mus1sraelis
2285 4370 2460 4426 usque
2483 4354 2550 4410 ad
2584 4341 2743 4412 linem
2782 4375 2798 4414 ε
2851 4366 2907 4415 et
2943 4359 3015 4414 ibi
3064 4360 3384 4430 suscipiam,
3415 4372 3472 4413 ct

1897 4443 1970 4499 ibi
1995 4445 2227 4500 visitabo
2244 4445 2515 4515 primitias
2538 4457 2769 4512 vestras,
2787 4455 2841 4503 ct
2870 4448 3140 4519 primitias
3166 4450 3471 4519 separatio·

228 4533 315 4589 26.
356 4533 424 4589 Et
475 4536 713 4607 polluam
752 4552 848 4593 eos
880 4538 936 4593 in
987 4539 1311 4596 muneribus
1377 4541 1518 4608 suis,
1568 4542 1792 4613 qnando
1823 4519 1868 4575 D
1899 4550 2030 4591 num
2049 4544 2356 4592 vestrarum
2387 4537 2443 4592 in
2488 4538 2749 4594 omnibns
2787 4539 3321 4596 sanctificationibus
3373 4556 3470 4597 ve-

231 4625 514 4684 traduxero
554 4642 718 4685 omne
741 4629 821 4698 (n)
847 4631 1100 4700 aperiens
1133 4625 1371 4696 uteruni,
1405 4641 1463 4687 ut
1503 4633 1578 4704 (υ)
1610 4633 1796 4690 abole-

225 4730 308 4772 am
328 4731 444 4782 eos,
471 4723 538 4786 )1(
557 4725 614 4772 ut
644 4718 669 4788 ζ
697 4718 895 4788 sciant,
928 4719 1075 4792 quod
1097 4734 1199 4793 ego
1225 4719 1513 4778 Dominus.
1541 4722 1630 4778 27.
1659 4721 1798 4780 Pro-

222 4814 339 4878 pter
365 4805 469 4864 boc
501 4808 726 4881 loquere
757 4809 825 4865 ad
869 4811 1095 4866 domum
1135 4809 1372 4877 israelis,
1427 4812 1502 4869 lili
1532 4814 1793 4881 bominis,

224 4895 441 4952 etdiees
464 4897 530 4952 ad
562 4911 688 4953 eos:
721 4897 847 4955 iiaec
873 4899 1006 4955 dicit
1034 4899 1246 4956 Adonai
1278 4899 1576 4958 Dominus:
1607 4901 1794 4974 Usque

228 4984 288 5040 ad
315 4985 415 5040 hoc
441 4986 508 5042 ad
535 4988 872 5046 iracundiam
911 4999 1282 5059 provocarunt
1313 5006 1402 5049 me
1423 5001 1607 5058 patres
1623 4995 1788 5050 vestri

229 5074 280 5129 in
310 5075 518 5133 delictis
546 5080 682 5145 suis,
714 5082 770 5135 in
796 5082 1002 5151 quibus
1025 5081 1381 5154 deliquerunt
1401 5084 1454 5138 in
1474 5100 1578 5141 me.
1605 5084 1695 5142 28.
1721 5083 1789 5140 Et

229 5165 494 5224 introduxi
512 5182 608 5225 eos
632 5170 688 5225 in
723 5179 943 5238 terram,
977 5187 1143 5245 super
1181 5189 1345 5245 quam
1371 5175 1544 5232 levavi
1563 5192 1788 5234 manum

1897 4625 2047 4681 stris.
2069 4624 2159 4681 tt.
2199 4623 2257 4680 111
2300 4627 2468 4682 odore
2520 4628 2676 4683 suavi
2715 4628 3010 4699 suscipiam
3055 4643 3158 4700 ego
3177 4644 3301 4697 vos,
3343 4645 3468 4687 cum

1894 4714 2141 4772 eduxero
2162 4731 2260 4772 vos
2282 4731 2347 4773 ex
2370 4719 2646 4792 gentibus,
2682 4728 2739 4776 et
2767 4736 3059 4794 suscepero
3100 4742 3195 4782 vos
3221 4742 3253 4782 e
3291 4739 3473 4796 regio-

1897 4809 2083 4874 nibus,
2109 4809 2311 4880 quibus
2329 4811 2564 4882 dispersi
2589 4812 2726 4868 estis
2765 4813 2819 4869 in
2845 4816 2946 4880 eis,
2983 4827 3039 4872 et
3080 4817 3470 4873 sanctificabor

1895 4901 1950 4957 in
1980 4902 2135 4959 vobis
2158 4910 2288 4958 ante
2306 4903 2497 4959 oculos
2523 4905 2868 4975 populorum.
2894 4906 2984 4961 42.
3020 4908 3085 4963 Ει
3107 4909 3469 4980 cognoscetis,

1894 4993 2025 5063 quia
2054 5008 2157 5066 ego
2179 4992 2470 5063 Dominus,
2500 5011 2623 5051 rum
2650 4997 3008 5055 introduxero
3035 5015 3133 5055 vos
3177 5001 3231 5060 in
3266 5011 3470 5057 terram

1894 5083 2133 5154 israelis,
2165 5086 2220 5141 in
2251 5096 2476 5156 terram,
2512 5103 2677 5159 quarn
2710 5091 2881 5146 levavi
2904 5108 3127 5148 manum
3170 5107 3347 5148 meam
3371 5107 3470 5148 su·-

1893 5191 1993 5246 per
2026 5176 2253 5245 eam,ad
2276 5177 2516 5234 dandum
2542 5193 2661 5233 eam
2678 5181 2927 5249 patribus
2941 5182 3155 5238 vestris.
3179 5181 3272 5238 45.
3303 5182 3378 5253 (y)
3400 5181 3470 5237 Et

291 5306 352 5381 (1)
383 5306 465 5374 S„
493 5323 615 5379 quas
652 5317 740 5364 est
798 5310 961 5365 timor
1011 5312 1350 5372 adorationis
1406 5316 1668 5375 omnibns
1702 5320 1885 5377 terris.
1918 5319 2043 5384 Th..
2074 5319 2338 5376 tortitudo
2365 5329 2448 5376 est
2513 5321 2773 5379 omnibus
2809 5322 2993 5378 terris.
3068 5321 3143 5392 (k)
3172 5320 3258 5386 S..
3281 5322 3459 5377 111111111-

227 5379 463 5433 rescebat
521 5377 666 5434 enim
705 5395 804 5438 cor
851 5395 1040 5438 eorum
1081 5384 1241 5442 idolis
1276 5400 1485 5442 eorum.

226 5457 429 5519 patrum
448 5462 661 5504 eorum.
742 5451 819 5523 (n)
847 5447 970 5512 ΤΑ..
993 5455 1412 5526 primogenitum
1445 5388 1643 5512 uter-iq,
1685 5389 1885 5531 (ἓξὲξ,

389 5589 400 5598 .
959 5522 1031 5648 ⁰}
1066 5522 1148 5607 8.,
1176 5534 1254 5608 et·
1286 5527 1589 5610 purilicabo
1617 5544 1719 5584 vos
1753 5531 1818 5626 §¹¹
1866 5530 2075 5586 annulo
2114 5529 2354 5586 ioederis.
2393 5529 2516 5614 Tm,
2547 5542 2601 5588 et
2626 5532 2909 5614 traducam
2933 5546 3032 5588 vos
3069 5533 3124 5586 in
3168 5532 3461 5587 traditione

247 5589 455 5645 oederts.
509 5587 609 5670 (ιι)
683 5606 800 5647 ens.
881 5592 959 5665 (ευ)
1037 5633 1077 5657 .,
1128 5596 1289 5651 idolis
1347 5610 1464 5652 suis
1514 5609 1591 5652 ne
1640 5608 1865 5668 ωῐιιιο,
1905 5609 2194 5682 postquam
2229 5616 2337 5655 non
2372 5602 2540 5657 vultis
2568 5604 2763 5659 audire
2797 5619 2904 5659 me.

251 5527 293 5584 r)
324 5516 484 5573 Deus.
588 5523 635 5580 (s
689 5519 852 5578 Deus.

1889 5392 1949 5446 ti.
2061 5390 2157 5462 (m)
2188 5388 2273 5456 S.,
2301 5400 2357 5446 et
2393 5391 2841 5449 adbaerescebant
2876 5392 3020 5449 oculi
3046 5408 3237 5448 eorum
3295 5391 3462 5449 idolis

1908 5460 2245 5530 delinquent.
2325 5460 2398 5532 (p)
2427 5461 2675 5516 ABANA.
2754 5467 2830 5533 (q)
2858 5462 3018 5528 Heli„
3047 5461 3211 5516 Bama
3243 5462 3454 5516 ΒΔΜΑ.

3003 5602 3080 5673 (y)
3120 5601 3205 5664 8.,
3236 5611 3292 5657 et
3328 5616 3457 5656 cum

229 5657 277 5713 in
300 5671 615 5740 meritoriagrt
655 5664 1042 5743 revocaveritis
1079 5663 1153 5718 ibi
1175 5665 1293 5721 vias
1312 5674 1367 5722 et
1402 5669 1638 5723 consilia
1669 5678 1870 5737 restra,
1911 5686 1967 5726 111
2039 5670 2199 5725 uibus
2232 5684 2328 5726 vos
2363 5672 2659 5740 polluistis,
2694 5674 2905 5743 parvuli
2943 5673 3260 5728 videbimini
3288 5672 3342 5726 in
3376 5671 3459 5725 eis

229 5727 339 5798 (vox
381 5735 524 5816 ῃτι,
555 5744 610 5783 m
656 5746 753 5796 eis,
800 5733 934 5790 inibi
973 5735 1320 5805 transposita,
1350 5745 1406 5793 et
1432 5740 1681 5809 proxime
1712 5755 1744 5795 a
1789 5739 2009 5810 poll-¹⁶2¹
2098 5741 2412 5798 mssocanrta
2441 5743 2697 5815 videtur),
2732 5752 2952 5815 propter
2998 5757 3194 5799 omnes
3218 5742 3458 5798 malitias

229 5827 442 5887 vestras,
473 5835 613 5895 quas
644 5822 872 5893 fecistis,
903 5834 959 5881 et
1007 5826 1213 5894 scietis,
1269 5829 1415 5901 quod
1443 5845 1547 5903 ego
1583 5827 1791 5889 Domim

486 5913 757 5980 Pas-nor„
782 5915 899 5981 Gn.
936 5919 1106 5982 XVI.

2348 5849 2414 5895 ae
2445 5837 2601 5897 vobis
2630 5850 2849 5912 propter
2886 5853 3086 5896 nomen
3118 5851 3326 5894 meum.

3064 5930 3141 5993 86
