3967 6217
208 274 350 337 3279

1289 261 1584 321 CONTRA
1624 258 1985 318 HAERESES
2025 258 2164 318 LIB.
2193 258 2289 319 vt.

3312 252 3452 320 3280

208 382 439 453 δευτέρα
466 379 684 452 τετρὰς,
717 379 813 434 καὶ
841 378 1055 448 ἐγένετο
1081 374 1294 443 ὀγδοὰς,
1329 374 1390 440 ἐξ
1413 368 1482 443 ἧς
1516 369 1789 442 προῆλθεν
1817 378 1861 431 A
1891 371 2031 427 unde
2056 369 2303 440 provenit
2327 368 2486 424 decas
2511 386 2525 422 ι
2557 368 2626 424 ita
2652 377 2978 424 exstiterunt
3003 366 3323 422 octodecim.
3351 369 3454 423 be·

213 476 248 545 ἡ
278 473 438 536 δεκάς
459 490 473 505 ·
509 470 681 536 οὕτως
733 469 950 540 ἐγένετο
997 464 1274 521 δεκαοκτώ
1302 466 1347 518 '.
1392 464 1457 517 ‘11
1493 459 1585 516 οὖν
1622 460 1786 525 δεκὰς

212 563 642 618 ὲπισυνελθοῦσα
666 561 689 594 ⁸
718 565 786 634 τῇ
815 560 1026 630 ὀγδοάδι
1064 559 1161 614 καὶ
1198 555 1595 612 δεκαπλασίονα
1619 553 1788 625 αὐτὴν

214 656 489 726 ποιήσασα
512 653 604 709 τδν
630 653 739 707 τῶν
754 651 1087 722 ὀγδοήκοντα
1118 645 1504 720 [προεδίδασεν
1534 644 1784 716 ἀριθμὸν,

210 747 307 799 καὶ
345 747 414 800 τὰ
463 741 814 816 ὀγδοήκοντα]
838 745 859 775 ⁸
894 740 1059 796 πάλιν
1098 737 1580 793 δεκαπλασιάσασα
1617 736 1658 786 ¹2
1695 734 1786 787 τὸν

213 836 324 890 τῶν
351 835 684 890 ὀκτακοσίων
713 831 947 904 ἀριθμὸν
968 831 1256 900 ἐγέννησεν
1283 830 1345 895 ¹¹,
1370 827 1509 882 ὥστε
1540 821 1678 881 εἶναι
1697 826 1786 880 τὸν

214 929 431 981 διπαντα
460 924 569 980 τῶν
606 926 956 996 γραμμάτων
998 921 1236 994 ἀριθμὸν
1290 920 1399 974 ἀπὸ
1444 918 1689 989 ὀγδοάδος
1737 919 1781 950 ¹⁸

213 1017 294 1078 εἰς
321 1015 519 1069 δεκάδα
547 1013 879 1086 προελθόντα
916 1011 981 1078 ¹²,
1016 1007 1200 1083 [εἶναι]
1234 1010 1277 1043 '⁸
1305 1015 1354 1080 η’
1389 1009 1429 1041 ¹⁸
1463 1011 1556 1062 καὶ
1596 1014 1649 1062 π’
1688 1006 1783 1061 καὶ

213 1113 294 1172 ω’,
328 1107 357 1160 ὅ
378 1108 526 1159 ἐστιν
562 1101 773 1174 Ἰησοῦς
792 1119 806 1133 ·
836 1103 897 1157 τὸ
928 1103 1037 1174 γὰρ
1075 1101 1302 1170 Ἰησοῦς
1325 1099 1494 1170 ὄνομα
1531 1098 1673 1154 κατὰ
1693 1097 1784 1153 τὸν

219 1200 278 1249 ὲν
310 1198 424 1260 τοῖς
456 1195 781 1266 γράμμασιν
812 1194 1044 1265 ἀριθμόν
1086 1195 1233 1247 ἐστιν
1259 1193 1554 1247 ὀκτακόσια
1590 1193 1783 1264 ὀγδοη-

220 1284 557 1339 κονταοκτώ.
588 1284 699 1338 Καὶ
722 1283 784 1337 τὸ
816 1283 1128 1353 άλιράὸητον
1156 1282 1213 1335 δὲ
1235 1281 1297 1335 τὸ
1335 1281 1644 1352 Ἑλληνικὸν
1668 1281 1783 1352 ἔχει

221 1377 451 1448 μονάδας
477 1375 627 1432 ὀκτὼ
652 1375 768 1448 [καὶ
786 1374 1015 1438 δεκάδας
1046 1376 1058 1444 Ι
1085 1373 1253 1446 ὀκτὼ]
1291 1374 1335 1405 ¹⁸
1360 1375 1455 1428 καὶ
1493 1373 1784 1428 ἑκατοντά-

216 1469 308 1531 δας
359 1466 505 1521 ὀκτὼ
529 1508 545 1532 ,
609 1466 710 1537 τὴν
766 1465 877 1519 τῶν
928 1464 1260 1519 ὀκτακοσίων
1314 1463 1784 1532 ὀγδοηκονταοκτῶ

218 1556 294 1629 [p.
321 1556 449 1630 215]
478 1557 661 1627 ψῆφον
701 1555 1123 1619 ἑπιδεικνύον”,
1150 1553 1393 1609 τουτέστι
1426 1554 1517 1607 τὸν
1550 1552 1779 1622 Ἰησοῦν,

1888 476 1984 517 cas
2019 461 2181 529 igitur
2209 473 2497 529 congressa
2519 474 2639 513 eum
2662 457 2930 529 ogdoade,
2968 467 3253 528 postquam
3290 458 3454 513 deeu-

1891 552 2110 620 plieuvit
2143 564 2282 615 eam,
2320 550 2723 618 octogenarium
2761 562 3044 604 numerum
3084 550 3356 619 produxit.
3396 558 3452 604 et

1889 641 2294 711 octogenarium
2328 655 2517 695 rursus
2546 649 2827 709 postquam
2856 638 3231 708 decuplieavit‚
3260 656 3450 695 nume-

1889 750 2005 788 rum
2037 733 2126 801 qui
2157 741 2240 787 est
2266 731 2698 802 octingentorum
2732 731 2951 799 genuit,
2984 739 3039 783 ιιι
3068 731 3138 786 sit
3168 732 3450 788 universus

1890 838 2144 878 numerus
2174 822 2474 877 litterarum
2504 822 2573 876 ab
2599 821 2843 891 ogdoade
2871 821 3166 877 seeundum
3194 822 3448 877 decadem

1890 930 2206 986 progressus
2235 913 2371 978 888,
2402 915 2544 984 quod
2570 922 2652 969 est
2678 912 2863 978 lesus3
2893 912 3051 968 Jews
3083 911 3226 967 enim
3257 928 3448 967 nomen

1887 1021 1953 1063 ex
1989 1021 2213 1061 numero
2248 1006 2547 1062 littei-arum
2581 1014 2665 1060 est
2699 1004 2826 1060 888.
2854 1003 2925 1058 Et
2957 1003 3298 1074 alphabetum
3327 1018 3454 1056 vero

1887 1094 2196 1152 Graecortun
2232 1095 2393 1149 babet
2428 1096 2684 1150 monades
2717 1103 2841 1150 octo
2876 1104 2931 1150 et
2968 1094 3202 1150 decades
3238 1101 3362 1148 octo
3397 1103 3455 1146 et
3496 1140 3507 1151 .

1888 1187 2272 1243 liecatontades
2310 1197 2467 1252 octo,
2502 1201 2785 1241 numerum
2822 1186 3259 1255 octingentorum
3298 1192 3451 1240 σειο-

1886 1278 2032 1348 ginta
2055 1288 2178 1333 octo
2202 1277 2487 1342 exbibens.
2515 1276 2864 1348 328329
2888 1277 2992 1331 boe
3018 1287 3101 1331 est
3126 1274 3335 1343 lesum,
3362 1276 3454 1345 qni

1885 1385 1952 1424 ex
1980 1371 2230 1424 omnibns
2261 1370 2502 1425 numeris
2533 1380 2783 1434 constat,
2816 1367 3209 1440 proptereaque
3238 1384 3360 1422 eum
3393 1383 3454 1423 se

1887 1475 2086 1516 vocare
2112 1462 2158 1517 A
2185 1471 2240 1515 et
2269 1462 2333 1527 ss,
2366 1461 2765 1531 generationem
2800 1476 2951 1516 suam
2983 1475 3049 1515 ex
3081 1458 3333 1515 omnibus
3362 1473 3456 1513 or·-

1889 1563 1996 1606 tant
2025 1553 2370 1607 indicantem.

217 1649 283 1702 ἐκ
301 1649 519 1703 πάντων
548 1647 860 1701 συνεστῶτα
875 1645 985 1701 τῶν
1012 1645 1055 1680 ¹⁰
1078 1645 1345 1716 ἀριθμῶν.
1375 1645 1484 1699 Καὶ
1520 1643 1609 1698 διά
1629 1643 1789 1698 τοῦτο
1821 1643 1967 1713 ἄλφα
2008 1643 2130 1716 [καὶ
2164 1643 2250 1717 ω’]
2303 1644 2346 1677 ¹⁹
2370 1643 2730 1716 ὀνομάζεσθαι
2760 1643 2944 1708 αὐτὸν,
3013 1643 3112 1714 τὴν
3140 1643 3207 1697 ὲκ
3235 1641 3452 1697 πάντων

220 1743 430 1809 γένεσιν
454 1741 810 1811 σημαίνοντα.

286 1839 391 1889 να’.
420 1834 557 1905 Περὶ
577 1833 635 1886 δὲ
658 1837 755 1906 τῆς
797 1834 986 1890 τούτου
1013 1832 1375 1906 δημιουργίας
1420 1833 1593 1897 οὕτως
1614 1833 1779 1902 λέγει·
1815 1841 1857 1896 Β
1957 1829 2049 1886 5¹.
2090 1830 2163 1886 De
2187 1830 2545 1888 fabricatione
2572 1840 2750 1887 autem
2780 1830 2941 1898 hujus
2963 1829 3038 1885 ita
3060 1831 3192 1885 dicit
3215 1847 3230 1885 ι
3253 1829 3297 1883 Α
3319 1845 3450 1901 qua·

227 1925 362 1978 ’Δπδ
380 1927 482 1995 τῆς
499 1925 752 1996 τετράδος
778 1926 879 1996 τῆς
905 1925 1167 1998 δευτέρας
1190 1925 1446 1996 δυνάμεις
1491 1924 1784 1996 άπορρυεί-

216 2029 315 2079 σας
346 2013 865 2086 δεδημιουργηκέναι
909 2015 955 2048 ⁸⁰
989 2016 1081 2070 τὸν
1125 2014 1220 2068 ἐπὶ
1260 2014 1366 2084 γῆς
1404 2014 1640 2083 φανέντα
1676 2014 1781 2085 'lq-

214 2105 365 2170 σοῦν,
388 2109 485 2161 καὶ
504 2105 599 2159 τοῦ
622 2106 797 2175 Λόγου
825 2108 866 2139 ⁸¹
893 2105 984 2160 τὸν
1000 2107 1164 2160 τόπον
1187 2106 1234 2138 ”
1255 2104 1543 2175 ἅναπιπλη
1552 2103 1782 2175 ρωκέναι

213 2195 306 2248 τὸν
336 2195 569 2265 ἄγγελον
595 2196 856 2268 Γαδριὴλ,
885 2198 981 2268 τῆς
1001 2197 1069 2250 δὲ·
1088 2194 1238 2266 ζωῆς
1266 2195 1327 2249 τὸ
1352 2197 1506 2264 ἅγιον
1540 2196 1779 2265 πνεῦμα,

213 2284 308 2339 τοῦ
341 2286 400 2340 δὲ
450 2286 766 2356 Ἀνθρώπου
793 2287 894 2357 τὴν
930 2285 1024 2340 τοῦ
1038 2282 1293 2356 Ὑψίστου
1321 2284 1571 2354 δύναμιν,
1599 2285 1696 2355 τῆς
1724 2284 1783 2338 δὲ

1885 1923 2130 1977 ternione
2154 1922 2325 1977 altero
2350 1932 2642 1993 potestates
2668 1937 2975 1986 emanasse,
2999 1937 3115 1991 qnae
3145 1921 3450 1976 fabricas&

1886 2012 1995 2066 rint
2018 2010 2199 2067 lesum
2225 2013 2317 2082 qui
2346 2013 2399 2067 in
2430 2014 2592 2069 terris
2616 2013 2886 2081 apparuit,
2915 2022 2969 2068 et
2995 2011 3126 2081 Logi
3153 2012 3451 2067 obtinuisse

1882 2100 2061 2156 locum
2096 2102 2340 2171 angelum
2373 2101 2611 2169 Gabriel,
2642 2101 2781 2157 Vitae
2815 2111 2995 2156 autem
3029 2100 3279 2169 spiritum
3316 2114 3443 2153 san-

1881 2201 2050 2258 etum,
2089 2192 2330 2247 llominis
2364 2202 2543 2248 autem
2578 2192 2841 2248 Altissimi
2876 2192 3153 2257 virtutem,
3186 2187 3449 2245 Ecclesiae

1881 2293 2061 2337 autem
2091 2284 2373 2353 virginem.
2409 2284 2485 2340 lta
2514 2284 2608 2355 qni
2638 2293 2720 2340 est
2752 2299 2815 2340 ex
2851 2284 3254 2353 dispensatione
3285 2282 3448 2336 bomo

227 2377 556 2449 Ἐκκλησίας
581 2377 681 2450 τὴν
714 2377 1005 2449 παρθένον.
1043 2377 1229 2441 Οὕτως
1260 2378 1289 2430 ό
1319 2376 1442 2431 κατ’
1476 2375 1788 2447 οίκονομίαν
1876 2388 1969 2443 per
2001 2372 2227 2429 Mariam
2261 2375 2442 2430 editur
2467 2376 2764 2432 secundum
2795 2390 2940 2431 eum.
2973 2373 3106 2429 Cum
3140 2383 3321 2428 autem
3354 2388 3449 2428 ve-

212 2468 302 2521 διά
319 2468 415 2538 τῆς
438 2467 655 2538 Μαρίας
680 2469 1140 2537 γενεσιουργεῖται
1166 2465 1296 2538 παρ’
1334 2465 1483 2536 αὐτῷ
1503 2463 1550 2497 ¹²
1572 2464 1783 2535 ἄνθρω-

214 2574 335 2619 πος.
376 2556 656 2621 Ἐλθόντος
681 2556 739 2611 δὲ
774 2556 938 2611 αὑτοῦ
961 2557 1040 2620 είς
1068 2556 1130 2610 τὸ
1171 2555 1338 2628 ὕδωρ,
1385 2553 1669 2610 κατελθεῖν
1696 2556 1776 2618 είς

210 2795 820 2933 adamasse.
837 2789 1775 2932 νέεῗῑεῑῐέῖεειξλὲεεεῑξ-

216 2934 545 2990 συνελθοῦσα
570 2936 637 3014 τῇ
660 2934 872 3001 ὀγδοάδι
895 2934 988 2986 καὶ
1004 2933 1402 2987 δεκαπλασίονα
1422 2934 1592 3004 αὐτὴν
1620 2935 1780 3002 ποιή-

216 3021 359 3060 σασα
411 3004 502 3056 τδν
554 3018 663 3054 των
722 3002 1052 3071 ὀγδοήκοντα
1101 3003 1461 3073 προεδίὸασεν
1518 3003 1552 3056 ά
1595 3001 1772 3074 ιθμόν,

215 3077 311 3128 καὶΙ
338 3074 405 3126 τά
431 3072 759 3140 ὀγδο’κοντα
800 3072 961 3123 πάλιν
1007 3071 1486 3124 δεκαπλασιὰσασα
1527 3087 1555 3122 τ
1589 3089 1616 3124 ν
1666 3071 1776 3124 τῶν

210 3143 548 3198 ὀκτακοσίων
602 3139 685 3212 ριθ
695 3140 792 3210 μὸν
810 3140 1117 3209 ἐγέννησεν,
1138 3138 1276 3192 ὥστε
1296 3136 1434 3191 εἶναι
1459 3138 1550 3191 τὸν
1567 3139 1776 3193 ἅπαντα

213 3212 323 3267 τῶν
348 3228 384 3292 Υ
461 3211 690 3280 μμάτων
737 3210 968 3280 αριθμὸν
1015 3209 1124 3261 ἀπὸ
1172 3208 1423 3275 ὀγδοάδος
1451 3210 1531 3270 είς
1575 3208 1773 3262 δεκάδα

1889 2465 2060 2519 nisset
2093 2464 2145 2519 in
2178 2481 2405 2536 aquam,
2442 2467 2793 2523 descendisse
2825 2467 2880 2521 in
2915 2482 3036 2523 eum
3073 2475 3326 2536 tanquam
3358 2479 3451 2520 eo-

1879 2555 2115 2610 lumbam
2145 2556 2315 2626 illam,
2340 2558 2430 2629 qui
2463 2558 2706 2615 aseendit
2731 2572 2963 2629 superne
2986 2567 3041 2614 et
3066 2557 3444 2614 duodecimum

1879 2795 2244 2868 quaternatio,
2269 2804 2323 2851 et
2349 2797 2489 2852 lacta
2511 2807 2595 2854 est
2616 2797 2913 2858 octonatio.
2938 2811 3002 2850 ex
3030 2811 3133 2867 qua
3162 2812 3446 2868 progressa

1879 2878 1965 2922 est
1998 2868 2196 2933 decas;
2230 2867 2313 2923 sie
2346 2867 2547 2921 laetum
2582 2879 2667 2922 est
2703 2865 2889 2922 xvnt.
2927 2867 3097 2921 Deeas
3132 2868 3309 2935 itaque
3346 2869 3444 2921 ad-

1875 2935 2059 3003 iuncta
2094 2937 2425 2991 octonationi
2458 2947 2513 2991 et
2548 2937 2826 3005 decuplam
2864 2952 2983 2992 eam
3019 2935 3219 2991 faciens
3251 2933 3446 2992 Lxxx

1880 3005 2008 3060 feeit
2049 3020 2364 3070 numerum,
2409 3013 2464 3060 et
2510 3021 2699 3062 rursus
2738 3007 3015 3074 octuagies
3054 3007 3235 3061 decies
3275 3008 3446 3062 octin-

1880 3082 2161 3144 gentorum
2207 3089 2486 3128 numerum
2529 3075 2677 3140 lecit,
2716 3086 2773 3129 ut
2812 3076 2883 3128 sit
2922 3075 3204 3129 universus
3242 3074 3446 3129 littera-

1883 3159 2003 3197 rum
2043 3157 2298 3196 numerus
2337 3145 2405 3196 ab
2447 3145 2796 3198 octonatione
2837 3144 2888 3196 in
2929 3146 3183 3199 decadem
3226 3159 3447 3212 progre-

1881 3213 2035 3266 diens
2063 3222 2186 3265 octo
2216 3222 2271 3266 et
2300 3213 2610 3279 octuaginta
2641 3224 2690 3266 ct
2725 3212 2900 3268 DCCC
2921 3253 2936 3277 ,
2967 3214 3107 3283 qnod
3138 3223 3219 3267 est
3247 3211 3442 3277 Jesus;

217 3297 385 3351 προελ
420 3281 569 3343 όντα,
590 3294 629 3347 η
658 3279 814 3332 ›cai-vt
857 3279 948 3332 καὶ
964 3295 1030 3339 ω.
1076 3278 1106 3331 ὃ
1126 3279 1242 3330 ἐστι
1269 3276 1568 3331 δεκαοκτώ·
1596 3277 1779 3349 τὸγὰρ
1806 3275 1847 3332 C
1879 3278 2035 3334 Iesus
2070 3282 2211 3333 enim
2247 3294 2440 3333 nomen
2477 3282 2766 3335 secmadnm
2798 3280 3106 3336 Graecarum
3146 3283 3444 3335 litterarum

228 3348 403 3417 Ἰησοῦ
448 3347 536 3400 δνο
669 3348 763 3399 καὶ
809 3347 900 3399 τὸν
938 3349 995 3399 ὲν
1037 3349 1149 3409 τοῖς
1186 3345 1508 3419 γράμμασιν
1546 3345 1777 3416 ἀριθμὸν

216 3435 263 3470 ω
287 3417 431 3469 ἐστιν
470 3417 535 3483 ὀγ
596 3415 959 3485 ηκονταοκτώ.
986 3416 1138 3485 Ἔχει
1157 3415 1340 3502 σαιρῶς
1367 3415 1462 3468 καὶ
1485 3413 1582 3483 τὴν
1604 3416 1776 3484 ὑπερ-

216 3488 463 3610 ἰὲἵάΐὲῗ
498 3483 998 3624 ἱίὖφέεζὲἒντίἓῖ
1035 3484 1777 3624 ·’ὲῖἶζῃῗ.ἵ,ῖώἕχ.ἶῖ”ῗὲἶιέἐξ

215 3622 362 3679 ὀκτὼ
397 3625 488 3677 καὶ
518 3622 744 3686 δεκάδας
782 3620 925 3676 ὀκτὼ
952 3624 1045 3676 καὶ
1079 3623 1435 3686 ἑκατοντάδας
1465 3620 1630 3686 ὀκτὼ,
1677 3623 1776 3695 τὴν

215 3693 325 3748 τῶν
392 3692 726 3746 ὀκτακοσίων
774 3690 1247 3765 ὀγδοηκονταοκτὼ
1296 3692 1474 3763 ψῆφον
1536 3691 1772 3766 [ἔπειτα]

212 3760 546 3827 δεικνύοντα,
575 3760 821 3814 τουτέστι
851 3761 910 3814 τὸ
934 3778 1021 3832 ειη
1041 3802 1057 3827 ,
1092 3762 1184 3815 τὸν
1230 3762 1297 3815 ἐκ
1338 3763 1556 3816 πάντων
1610 3778 1772 3816 συνε-

211 3830 397 3885 στῶτα
425 3831 537 3885 τῶν
561 3830 683 3900 ἀριθ
730 3830 829 3895 ῶν,
859 3831 950 3883 καὶ
983 3831 1072 3885 διά
1092 3829 1184 3884 τοῦ
1214 3831 1356 3899 ἄλφα
1387 3831 1479 3884 καὶ
1505 3849 1550 3883 ω
1572 3830 1774 3901 ὀνομά-

212 3899 403 3965 ζεσθαι
433 3901 615 3965 αὑτὸν,
644 3916 673 3953 τ
715 3916 744 3952 ν
791 3900 858 3953 ὲκ
895 3901 1112 3954 πάντων
1160 3899 1374 3968 γένεσιν
1416 3899 1768 3968 σημαίνοντα.

218 3971 327 4023 Καὶ
382 3971 544 4025 πάλιν
601 3968 807 4032 οὕτως·
865 3969 975 4037 Τῆς
1038 3967 1261 4040 πρώτης
1306 3968 1562 4037 τετράδος
1630 3971 1771 4022 κατὰ

213 4038 654 4163 1ἑτρόσὲασικιὶάςόιθ
703 4039 762 4090 οὗ
786 4036 1050 4158 είςταὺὶτὴν
1074 4035 1456 4106 συντιθεμένης
1471 4038 1499 4089 ό
1515 4035 1624 4089 τῶν
1642 4035 1773 4090 δέκα

254 4127 281 4160 ν
316 4127 327 4142 ’
567 4125 583 4160 ι
727 4148 741 4168 ,
817 4146 827 4158 .
893 4144 907 4158 .
975 4143 990 4159 .

283 4124 358 4245 ⁴35.
392 4124 821 4247 Υέπδρτεξράδοξ
854 4176 960 4247 γάρ
994 4172 1261 4245 προῆλθον
1293 4174 1343 4227 οἱ
1366 4172 1559 4237 αἰῶνες
1579 4189 1593 4204 ·
1622 4168 1691 4245 ἦν
1713 4171 1773 4227 δὲ

214 4248 272 4299 ἐν
301 4247 367 4315 τῇ
390 4245 604 4312 τετράδι
639 4245 959 4315 Ἄνθρωπος
992 4245 1085 4297 καὶ
1126 4241 1440 4312 Ἐκκλησία,
1479 4243 1647 4310 Λόγος
1677 4242 1773 4296 καὶ

214 4315 361 4383 Ζωή.
407 4314 540 4365 Ἀπὸ
568 4312 772 4364 τούτων
801 4309 894 4366 οὖν
922 4313 1199 4383 δυνάμεις,
1238 4314 1422 4382 φησὶν,
1472 4313 1770 4383 ἀπορρυεῖ-

218 4397 311 4435 σαι
335 4380 820 4450 ἐγενεσιούργησαν
850 4382 941 4433 τὸν
973 4383 1068 4434 ἐπὶ
1100 4383 1201 4451 γῆς
1251 4384 1486 4451 φανέντα
1539 4380 1766 4450 Ἰησοῦν,

218 4449 428 4504 καὶτοῦ
516 4450 580 4501 ὲν
609 4450 783 4515 Λόγου
822 4450 1339 4521 άναττεπληρωκέναι
1372 4451 1461 4504 τὸν
1493 4450 1653 4504 τόπον
1681 4449 1770 4503 τὸν

214 4519 446 4588 ἄγγελον
504 4519 739 4603 ἀδριὴλ,
778 4518 873 4588 τῆς
924 4518 983 4571 δὲ
1042 4518 1185 4590 ζωῆς
1217 4520 1278 4573 τὸ
1321 4520 1475 4589 ἅγιον
1526 4519 1767 4589 Πνεῦμα,

1883 3360 2194 3418 computum
2229 3348 2401 3404 DCCC
2433 3359 2558 3403 sunt
2587 3349 2916 3406 Lxxxvttt.
2948 3350 3124 3406 Habes
3157 3351 3444 3405 manifeste

1881 3427 1935 3473 et
1965 3413 2368 3487 supereoelestis
2396 3417 2519 3472 Jesu
2554 3421 2847 3472 seeundum
2881 3435 2973 3475 eos
3002 3421 3261 3490 genesim.
3292 3420 3440 3486 Qua-

1881 3501 2098 3558 propter
2134 3498 2188 3541 et
2219 3490 2262 3540 A
2297 3487 2335 3539 B
2364 3489 2671 3541 Graecorum
2711 3491 2908 3542 babere
2944 3492 3200 3543 monades
3235 3500 3357 3542 octo
3389 3499 3446 3542 et

1881 3558 2111 3611 decadas
2146 3555 2256 3610 vttl
2284 3568 2337 3610 et
2371 3558 2753 3612 lteratontadus
2788 3556 2921 3622 vttt.
2949 3555 3443 3613 Dcchxxxvttt

1881 3641 2164 3680 tinnierunt
2202 3627 2574 3691 ostendentia,
2615 3628 2715 3681 boe
2757 3637 2836 3681 est
2872 3626 3086 3693 «lesum,
3127 3628 3216 3695 qui
3255 3636 3339 3682 est
3375 3642 3457 3681 ex‘

1877 3696 2132 3750 omnibus
2166 3704 2419 3750 constzms
2451 3696 2710 3760 numeriS‚
2748 3704 2804 3751 et
2840 3707 3060 3766 propter
3098 3697 3198 3750 boc
3228 3697 3274 3749 A
3306 3705 3361 3750 et
3399 3697 3442 3749 ss

1880 3767 2146 3819 nominari
2175 3781 2319 3827 etttn,
2347 3781 2467 3817 eunt
2496 3765 2802 3834 significent
2828 3783 2893 3819 ex
2926 3767 3177 3820 omnibus
3204 3765 3321 3833 ejus
3349 3779 3441 3833 ge·

1880 3835 2234 3890 nerationem.
2270 3834 2335 3888 Et
2375 3834 2565 3887 iteruin
2612 3836 2683 3886 ita
2722 3850 2737 3887 ι
2778 3834 2972 3888 Primae
3013 3835 3443 3902 quaternationis

1878 3905 2172 3956 seeundum
2218 3903 2648 3972 progressionem
2695 3904 2903 3957 numeri
2949 3904 3006 3957 in
3044 3915 3220 3959 semet
3264 3905 3439 3974 ipsam

1878 3970 2190 4039 cotnposita’
2218 3970 2264 4024 X
2294 3971 2542 4041 apparuit
2570 3985 2829 4025 numerus
2849 4009 2865 4036 ‚
2900 3982 3005 4028 ete.

1948 4169 2002 4225 3.
2038 4170 2080 4223 Α
2121 4169 2537 4241 quaternatione
2574 4169 2718 4225 enim
2758 4171 3028 4242 progressi
3071 4182 3194 4226 sunt
3236 4186 3439 4227 aeones.

1878 4238 2009 4292 Erat
2034 4247 2211 4293 autem
2239 4241 2291 4292 in
2317 4240 2733 4309 quaternatione
2757 4242 3064 4311 Anttrropos
3092 4252 3147 4294 et
3177 4242 3436 4308 Ecclesia,

1875 4307 2054 4378 Logos
2090 4318 2143 4362 et
2178 4306 2305 4362 Zoe.
2342 4310 2425 4363 Ab
2462 4309 2530 4363 iis
2567 4310 2730 4380 igitur
2760 4312 3007 4374 virtutes,
3045 4311 3140 4374 ait,
3176 4321 3442 4365 emanatae

1911 4389 2270 4430 eneraverttnt
2315 4393 2459 4442 eum,
2503 4381 2592 4445 qui
2637 4379 2687 4432 in
2734 4390 2871 4433 terra
2916 4380 3291 4434 manifestatus
3333 4389 3437 4444 est,

1908 4461 2080 4506 esum.
2115 4455 2169 4500 et
2205 4444 2331 4516 Lagi
2365 4448 2580 4517 quidem
2617 4446 2790 4501 locum
2827 4448 3151 4517 adimplesse
3185 4449 3434 4519 angelum

1876 4513 2116 4579 Gabriel,
2163 4514 2301 4571 Zoes
2340 4527 2519 4571 autem
2553 4515 2813 4583 Spiritum
2860 4530 3130 4585 sanctum,
3168 4518 3431 4586 Anthropi

212 4590 306 4643 τοῦ
329 4590 383 4642 δὲ
418 4588 726 4660 Ἀνθρώπου
756 4586 854 4658 τὴν
894 4585 1121 4657 δύναμιν
1155 4587 1248 4642 τοῦ
1288 4590 1435 4654 Υἰοῦ,
1465 4591 1555 4642 τὸν
1582 4589 1639 4642 δὲ
1672 4588 1769 4658 τῆς
1803 4617 1845 4672 D
1877 4595 2055 4665 autem
2103 4585 2364 4667 Altissinti
2411 4586 2691 4667 virtu-tem,
2734 4586 2984 4668 Epelesiae
3026 4597 3205 4641 autem
3253 4587 3427 4668 locunt

226 4658 553 4728 Ἐκκλησίας
598 4658 762 4710 τόπον
814 4658 848 4727 ἡ
898 4658 1170 4728 Παρθένος
1220 4658 1489 4725 ἐπέδειξεν
1545 4658 1770 4730 [ἔδειξεν
1878 4652 2040 4725 Virgo
2067 4658 2322 4709 ostendit.
2351 4655 2416 4708 Et
2445 4670 2524 4708 stc
2553 4655 2663 4719 ille,
2691 4671 2781 4726 qut
2812 4666 2899 4712 est
2927 4659 3219 4712 secundum
3249 4657 3436 4725 dispo-

215 4735 333 4782 eod.
380 4727 560 4800 lte-g.].
613 4727 799 4790 Οὕτως
821 4741 880 4778 τε
933 4727 1112 4779 ὁκατ”
1167 4727 1476 4797 οἰκονομίαν
1521 4727 1611 4781 διὰ
1666 4742 1768 4849 ττὲς

213 4798 305 4852 Μα
347 4798 429 4861 ίας
469 4798 931 4868 γενεσιουργείται
988 4794 1117 4867 παρ’
1157 4795 1304 4865 αὐτῷ
1362 4796 1663 4868 ἅνθρωπος,
1741 4812 1770 4849 ν

213 4869 241 4919 ὁ
322 4867 461 4938 ατὴρ
492 4868 601 4920 τῶν
632 4869 769 4920 ὅλων
793 4866 1069 4920 διελθόντα
1111 4865 1199 4920 διὰ
1247 4867 1462 4937 μήτρας
1490 4866 1767 4933 ἐξελέξατο

1875 4726 2149 4787 ειιίοιιεηι,
2191 4739 2288 4792 per
2322 4725 2544 4779 Mariam
2585 4736 2876 4795 generatur
2910 4728 3049 4794 apud
3090 4741 3210 4779 eum
3251 4728 3432 4791 bomo,

1876 4808 2035 4862 quem
2065 4793 2228 4848 Pater
2250 4798 2487 4848 omnium
2518 4805 2883 4850 transeuntem
2915 4810 3009 4864 per
3035 4795 3244 4848 vulvam
3273 4796 3434 4864 elegit

1877 4879 1971 4933 per
2005 4861 2237 4918 Verbum
2274 4863 2341 4918 ad
2379 4863 2705 4934 agnitionem
2744 4879 2917 4920 suam.
2959 4864 3094 4918 Cum
3133 4875 3307 4919 autem
3344 4879 3433 4921 ve·

1474 5043 1709 5099 VARtAE
1747 5043 2154 5101 LsscTtONES.

284 5198 306 5230 ’
330 5196 626 5253 δεκαοκτώ.
657 5196 810 5263 ίῶτα,
841 5194 962 5253 εἶτα
987 5194 1283 5257 δεκαοκτώ.
1314 5197 1379 5263 C,
1406 5199 1547 5267 quod
1580 5198 1625 5253 bl
1657 5201 1882 5254 mutavit
1914 5199 1969 5253 in
1993 5199 2145 5262 δέκα,
2184 5194 2304 5254 εἶτα
2323 5198 2616 5255 δεκαοκτώ.
2643 5198 2904 5254 Nimirum
2938 5216 3042 5255 non
3067 5202 3333 5271 perspexit
3369 5202 3434 5248 ¹³-

214 5269 611 5331 brat-iuni,cuni
635 5272 686 5321 in
711 5267 846 5321 libro
869 5282 969 5322 sno
998 5269 1290 5337 reperisset
1338 5284 1393 5339 ιη
1414 5307 1430 5333 ,
1473 5271 1797 5338 depravasse
1822 5271 1874 5324 in
1909 5269 2044 5323 ίῶτα
2075 5268 2196 5323 εἶτα
2235 5264 2384 5341 [ἦτα]
2404 5309 2419 5333 ,
2447 5277 2502 5324 et
2526 5271 2718 5324 deinde
2744 5285 3024 5324 numerum
3055 5273 3228 5339 ipsum
3260 5274 3436 5327 denuo

212 5337 503 5392 addidisse.
608 5336 633 5369 ⁸
674 5334 1116 5392 ὲπισυνελθοῦσα.
1159 5337 1185 5389 ἐ

1341 5336 1673 5391 συνελθοῦσα
1721 5337 1782 5393 C.
1876 5339 1898 5371 ⁹
1931 5338 2386 5410 προεδίδασεν-
2433 5339 2760 5409 ὀγδοήκοντα
2810 5355 2918 5394 om.
2951 5338 3012 5393 C.
3094 5340 3136 5371 ¹·
3167 5340 3425 5394 δεκαπλα·

213 5406 475 5462 σιάσαντα
500 5406 563 5462 C.
601 5407 643 5440 ¹¹
666 5405 963 5476 ἐγέννησαν
983 5406 1044 5460 G.
1122 5405 1165 5437 ⁸³
1193 5407 1256 5475 όγ
1320 5407 1463 5471 άδος.
1503 5407 1728 5475 ὀγδοάδα
1764 5407 1826 5461 C.
1905 5409 1947 5440 ¹⁸
1981 5407 2309 5478 προελθόντα
2348 5407 2710 5479 προσελθόντα
2750 5408 2813 5474 C,
2847 5407 2917 5461 tt.
2993 5407 3040 5440 ¹⁸
3073 5404 3215 5462 εἶναι
3251 5411 3435 5463 delen-

211 5479 338 5531 dum
367 5489 490 5531 esse
516 5476 630 5547 jam
662 5474 711 5529 tt
760 5477 1063 5541 suspicatus
1105 5484 1206 5529 est.
1284 5476 1331 5509 ¹⁸
1375 5493 1428 5530 l.
1462 5472 1569 5549 ἦτα
1600 5476 1663 5542 C,
1706 5476 1775 5531 tt.

213 5547 260 5579 ¹⁸
290 5544 599 5599 συνεστῶτα
628 5543 755 5600 τῶν.
788 5544 901 5597 τῶν
939 5543 1283 5597 συνεστώτων
1312 5545 1376 5611 C.
1395 5498 1468 5600 Sl.

1857 5478 1899 5511 ¹⁸
1925 5479 2022 5530 καὶ
2057 5505 2125 5519 -
2161 5477 2304 5530 ὀκτὼ
2343 5479 2610 5548 supplevit
2639 5477 2709 5532 tt.
2752 5478 2794 5511 ¹⁷
2833 5478 3238 5533 ὲπιδεικνύοντα
3268 5477 3330 5541 C,
3364 5477 3434 5532 tt.

1535 5547 1577 5578 ’θ
1606 5548 1696 5600 καὶ
1735 5563 1781 5601 ω
1811 5562 1918 5602 om.
1966 5549 2029 5610 C,
2058 5546 2127 5603 tt.
2191 5546 2236 5579 ¹’
2262 5549 2561 5619 άπορυεῖσα
2599 5547 3105 5620 δεδημιουργικέναι
3132 5548 3198 5606 C.
3271 5548 3313 5578 '⁸
3347 5545 3434 5602 Cl'.

210 5615 344 5674 Luc.
378 5629 418 5681 t,
446 5615 633 5673 2638.
705 5615 752 5648 ’⁸
779 5613 868 5667 τὸν
896 5612 1076 5668 τόπον.
1108 5613 1295 5668 τοῦτον
1316 5616 1379 5684 C,
1409 5615 1476 5671 M.
1552 5617 1598 5649 ¹³
1628 5616 1791 5686 αὐτῷ.
1826 5616 2004 5670 αὐτῶν
2025 5615 2086 5685 C,
2119 5615 2188 5671 Μ.
