3967 6217
92 263 278 318 2725

1371 260 1779 318 flammeus
1815 261 2046 321 CAPUT
2090 264 2272 320 xxw.

3292 263 3431 321 2736

92 376 216 434 38.
247 381 464 438 donec
490 391 543 437 et
575 381 690 436 lucc
720 379 966 436 l'oecrunt
1003 380 1133 436 mibi
1167 398 1182 435 t
1209 379 1528 451 polluebant
1559 377 1757 433 Sancta
1787 377 1836 434 Α.
1861 392 1982 432 vem
2010 378 2270 434 constitui
2296 393 2422 434 cum
2454 399 2468 434 :
2498 396 2606 437 non
2644 379 2814 437 effudi
2856 393 2983 436 eum
3030 375 3194 449 super
3224 391 3431 436 terram

101 483 257 524 roton
297 473 387 540 Χ
417 473 474 528 in
507 473 700 529 dioillo
723 473 843 541 2,et
864 471 1090 528 sabbata
1119 487 1239 528 mea
1266 470 1746 543 profanabant,39.

103 559 202 629 (q)
242 570 316 616 et
341 577 486 618 eum
504 562 980 634 iugularentsslios
1007 578 1141 619 suos
1165 563 1328 619 idolis
1350 564 1488 622 suis.
1505 571 1557 618 et
1576 562 1751 633 ingre-

104 654 460 711 diebantur
485 657 540 712 in
569 655 892 711 Sanctuaria
922 669 1043 711 mea
1075 658 1142 724 Χ
1166 655 1224 711 in
1250 656 1339 711 die
1369 656 1461 710 illo
1486 657 1509 727 ζ
1538 655 1606 710 ad
1626 670 1750 726 pro·

107 743 469 803 ianuarium
487 762 586 803 ea:
619 755 673 803 et
698 747 847 818 quod
874 747 957 803 sic
978 746 1251 803 faciebant
1281 747 1334 802 in
1358 746 1537 802 medio
1553 747 1749 803 domus

110 851 305 906 tneae,
362 839 463 897 ⁴0.
515 847 569 894 et
600 842 748 910 quod
795 840 932 897 viris
956 839 1304 896 venientibus
1355 854 1386 895 e
1424 839 1746 912 longinquo,

109 928 363 1000 quibus
408 930 635 987 nuntios
666 929 930 987 miserant
979 931 1046 986 ad
1072 946 1189 997 eoS,
1222 940 1279 987 et
1311 932 1498 988 statim
1537 931 1628 987 ubi
1656 947 1750 987 ve—

109 1021 405 1087 nissent,
449 1021 746 1088 lavabaris,
778 1031 834 1079 et
860 1022 1087 1093 collyrio
1115 1022 1347 1080 liniebas
1375 1023 1566 1079 oculos
1597 1033 1744 1088 tuos.

108 1122 178 1169 et
202 1113 534 1170 ornabaris
560 1123 778 1182 ornatu,
805 1115 895 1172 41.
916 1124 972 1171 et
999 1116 1228 1174 sedebas
1254 1131 1419 1186 super
1450 1117 1589 1172 lecto
1613 1125 1749 1172 stra·

113 1211 213 1268 to.
255 1211 326 1260 et
359 1218 553 1261 mensa
582 1205 849 1261 instructa
873 1213 999 1261 ante
1018 1204 1212 1262 faciem
1240 1205 1363 1277 ejus
1389 1226 1404 1261 t
1428 1214 1484 1262 et
1506 1206 1748 1278 tbymia-

119 1307 232 1349 ma
264 1307 494 1361 meum,
526 1303 580 1351 et
611 1295 794 1351 oleum
825 1310 1032 1362 meum,
1065 1296 1390 1353 laetabantur
1435 1299 1489 1354 in
1523 1300 1627 1363 eis,
1655 1299 1745 1355 ts.

123 1385 212 1457 (r)
242 1396 316 1443 et
347 1403 519 1445 voces
565 1388 867 1446 barmoniae
913 1389 1225 1460 pulsabant,
1281 1398 1336 1446 et
1387 1390 1456 1447 ad
1506 1393 1656 1456 viros,
1680 1407 1747 1448 ex

43 1523 44 1546 2
123 1489 304 1536 coettt
344 1480 629 1537 bominum
651 1482 931 1538 venientes
955 1483 1026 1552 >st
1047 1483 1345 1540 inebriatos
1374 1485 1397 1555 ζ
1430 1500 1461 1540 e
1491 1484 1743 1540 deserto:

41 1607 44 1640 r
123 1582 196 1630 et
230 1573 460 1631 dabant
511 1574 756 1631 armillas
808 1574 862 1630 in
894 1591 1091 1633 manus
1146 1591 1358 1643 earum,
1392 1585 1448 1633 et
1491 1593 1748 1635 coronam

132 1665 513 1737 gloriationis
570 1681 736 1737 snper
789 1666 971 1738 capita
1028 1670 1356 1726 earumdii.
1405 1669 1646 1727 Etdixi:
1681 1671 1748 1742 (ε)

138 1754 368 1816 Nonne
407 1759 462 1815 ln
503 1757 590 1816 bis
649 1760 1044 1817 moecbautur?
1086 1773 1145 1818 et
1192 1778 1356 1834 opera
1397 1765 1748 1822 meretricum

135 1847 336 1906 etiam
370 1850 488 1923 ipsa
517 1850 784 1909 fornicata
814 1853 1042 1910 estin.
1096 1855 1164 1911 Et
1203 1855 1654 1929 ingrediebantur
1679 1858 1747 1913 ad

140 1953 288 1996 eam
324 1982 340 2008 ,
385 1942 850 2013 quemadmodum
899 1942 1284 2012 ingrediuntur
1339 1944 1408 2001 ad
1463 1947 1746 2002 mulierem

147 2032 538 2099 meretricem,
573 2033 648 2089 ita
691 2033 1140 2104 ingrediebantur
1168 2036 1236 2090 ad
1285 2035 1539 2103 Oliolam,
1576 2045 1631 2093 et
1680 2039 1746 2093 ad

145 2119 485 2190 obolibam,
524 2131 586 2179 ut
617 2123 858 2180 lacerent
882 2125 1241 2197 iniquitatem.
1266 2127 1356 2184 ts.
1379 2130 1448 2185 Et
1471 2130 1572 2186 viri
1588 2130 1745 2200 justi,

147 2211 215 2269 bi
245 2212 593 2270 ulciscentur
618 2229 715 2271 eas
748 2213 958 2271 ultione
1015 2217 1410 2284 adulterarum,
1443 2229 1498 2276 et
1541 2222 1747 2277 ultione

143 2303 488 2375 sanguinis;
522 2306 650 2376 quia
681 2307 945 2364 adulterae
963 2317 1115 2376 sunt,
1142 2319 1198 2367 et
1226 2314 1450 2383 sanguis
1484 2312 1538 2366 in
1569 2313 1748 2369 mani-

143 2393 268 2451 bus
295 2407 507 2453 earum.
543 2397 634 2452 ho.
659 2396 802 2465 Quia
838 2399 952 2457 baee
993 2401 1126 2457 dicit
1154 2401 1417 2461 Dominus
1441 2403 1743 2461 Dominus:

147 2483 364 2541 Adduo
392 2484 458 2556 (t)
493 2499 663 2556 super
689 2500 786 2542 eos
817 2497 1045 2555 coetum,
1071 2498 1125 2546 et
1156 2491 1224 2547 da
1262 2492 1316 2548 in
1344 2492 1425 2549 eis
1451 2493 1739 2550 tumultum

142 2587 208 2632 et
239 2577 518 2648 rapinam,
560 2577 651 2633 5¹1.
705 2587 761 2635 et
817 2579 996 2651 iapida
1026 2596 1193 2653 super
1237 2598 1332 2640 eas
1375 2585 1432 2641 in
1468 2585 1742 2655 lapidibus

145 2669 470 2737 turbarum,
511 2670 591 2743 (u)
626 2679 682 2728 et
711 2671 987 2729 confodite
1018 2687 1112 2730 eas
1143 2675 1200 2729 iu
1250 2673 1447 2745 gladiis
1501 2689 1692 2732 eorum
1723 2695 1738 2732 z

148 2761 306 2819 tilios
337 2777 549 2830 earum,
577 2771 632 2819 et
655 2763 795 2820 illias
818 2779 1007 2821 earnm
1039 2767 1307 2834 occident,
1343 2778 1397 2825 et
1427 2769 1621 2827 domos
1648 2786 1742 2826 ea-

151 2868 288 2912 rum
317 2854 374 2910 in
401 2855 524 2927 igne
545 2855 860 2912 incendent.
889 2856 980 2912 48.
1010 2857 1088 2930 (π)
1122 2857 1189 2912 Et
1231 2871 1471 2916 avertam
1493 2862 1742 2933 impieta·

151 2955 273 3002 tetn
294 2945 365 3001 de
395 2955 564 3013 terra,
597 2955 652 3002 et
680 2949 1003 3005 erudientur
1021 2965 1214 3006 ornnes
1241 2952 1516 3018 mulieres,
1555 2964 1608 3009 ct
1633 2969 1739 3010 non

1855 478 1912 525 ut
1947 478 2155 540 tegeret
2187 485 2353 541 super
2381 486 2505 527 eum
2542 482 2705 538 terra,
2733 472 2785 527 8.
2824 480 2886 528 ut
2915 471 3235 527 ascenderet
3279 469 3435 526 l'uror

1851 561 1906 615 iu
1936 561 2232 616 vindictam
2262 572 2319 616 ut
2351 562 2718 618 vindicaretur
2750 580 2765 616 z
2794 564 2915 619 dedi
2945 562 3268 633 sangninem
3306 562 3433 633 ejus

1852 669 2018 724 super
2044 662 2254 723 petram
2288 653 2495 718 laevem,
2529 663 2587 708 ut
2617 671 2684 708 ne
2721 663 2925 725 tegeret
2947 669 3095 709 eum.
3119 654 3175 710 9.
3206 654 3433 724 Propter

1851 744 1957 800 boc
1997 744 2113 800 baec
2147 743 2281 800 dicit
2317 744 2523 800 Adonai
2560 744 2825 800 Dominus
2853 762 2868 798 z
2901 748 2968 813 Χ
3013 743 3103 800 Vae
3136 743 3265 799 urbs
3297 760 3429 801 san-

1852 839 2081 911 guinum
2136 839 2184 909 ζ.
2228 848 2283 894 et
2333 854 2432 911 ego
2484 837 2843 909 magnificabo
2886 837 2961 908 (u)
2999 847 3221 903 torrem,
3258 837 3347 892 to,
3378 847 3433 891 et

1853 929 2228 998 multiplicabo
2262 929 2426 999 ligna,
2473 938 2527 985 et
2559 928 2885 984 succendam
2913 926 3111 998 ignem,
3156 938 3215 981 ut
3261 927 3432 996 liquc-

1852 1029 2011 1076 scant
2047 1035 2242 1077 carnes
2282 1021 2378 1091 (b),
2430 1029 2484 1075 et
2530 1020 2889 1074 imminuatur
2925 1017 3222 1086 jusculum,
3273 1019 3340 1085 Β(
3381 1026 3435 1072 ct

1851 1129 1980 1170 ossa
2021 1115 2187 1170 simul
2236 1122 2537 1168 exitrentur
2572 1114 2620 1182 ζ.
2668 1111 2751 1166 11.
2802 1119 2855 1166 et
2891 1117 2998 1165 stet
3033 1122 3200 1179 super
3232 1123 3435 1179 prunas

1858 1210 1925 1276 3⁸(
1956 1207 2099 1278 ejus,
2142 1206 2477 1262 inflammata
2525 1214 2613 1261 est
2660 1206 2709 1273 ζ,
2741 1212 2801 1259 ut
2845 1202 3219 1266 comburatur,
3260 1205 3327 1270 χ
3377 1211 3436 1254 ut

1852 1300 2015 1356 simul
2067 1308 2331 1356 exuratur
2369 1298 2392 1367 ζ
2428 1312 2504 1353 aes
2534 1295 2675 1367 ejus,
2721 1306 2776 1352 et
2830 1295 3101 1366 liquescat
3157 1292 3211 1347 in
3255 1291 3436 1346 medio

1854 1398 1921 1463 3⁸(
1959 1393 2079 1464 ejus
2116 1395 2143 1464 ζ
2173 1392 2521 1448 immunditia
2559 1391 2700 1463 ejus,
2727 1398 2781 1446 et
2812 1386 3030 1444 deficiat
3063 1399 3246 1456 aerugo
3288 1385 3433 1455 ejus.

1852 1489 1920 1555 3⁸(
1942 1485 2015 1559 (c)
2050 1485 2387 1557 deprimatur
2411 1499 2595 1555 aerugo
2629 1485 2679 1554 ζ.
2714 1483 2802 1537 12.
2836 1480 2899 1536 Et
2936 1495 3043 1536 non
3069 1479 3239 1536 exibit
3264 1477 3332 1534 de
3368 1492 3434 1534 ea

1853 1581 2025 1636 multa
2073 1594 2257 1651 :erugo
2309 1578 2450 1650 ejus,
2502 1585 2558 1633 ct
2597 1575 2882 1632 erubescet
2927 1586 3109 1641 aerugo
3150 1571 3290 1642 ejus.
3342 1567 3431 1626 ¹3.

1853 1674 1919 1742 Χ
1945 1671 2004 1726 lu
2045 1669 2390 1726 immunditia
2422 1676 2512 1723 tua
2560 1668 2579 1690 ⁶
2619 1665 2843 1723 elixatio
2881 1667 2930 1737 ζ,
2963 1679 3060 1735 pro
3086 1663 3152 1720 iis
3192 1660 3337 1733 quod
3380 1669 3433 1716 te

1784 1717 1826 1776 B
1855 1764 2241 1822 contaminasti
2268 1770 2346 1830 tu,
2368 1763 2438 1831 χ
2465 1768 2520 1817 et
2546 1774 2657 1815 non
2686 1758 2973 1830 purificata
3003 1772 3064 1813 es
3091 1757 3159 1812 ab
3193 1758 3434 1812 immun·

1854 1855 1991 1912 ditia
2014 1862 2108 1911 tua
2142 1857 2279 1925 :tet
2301 1853 2431 1925 quid
2457 1853 2502 1908 si
2536 1867 2645 1907 nou
2679 1849 2962 1922 puriilcala
2987 1847 3158 1904 fueris
3177 1845 3430 1918 amplius,

1855 1947 2032 2003 donec
2076 1956 2131 2002 et
2180 1946 2433 2015 impleam
2477 1942 2721 1998 l'urorem
2754 1955 2938 1997 meum
2978 1940 3032 1994 in
3074 1936 3273 1994 teilael.
3323 1934 3435 2007 Ego

1857 2037 2125 2092 Dominus
2162 2037 2378 2091 locutus
2398 2049 2546 2099 sum,
2576 2031 2846 2098 eueniet,
2879 2039 2933 2086 et
2963 2029 3156 2086 faciam
3187 2026 3290 2100 (d),
3324 2042 3431 2083 non

1854 2128 2123 2192 differam,
2155 2141 2259 2182 nec
2292 2121 3105 2193 miserebor,>(obtemperabo
3137 2122 3160 2191 ζ
3195 2133 3433 2175 :seeun-

1852 2221 1984 2275 dum
2014 2218 2134 2275 vias
2168 2227 2313 2283 tuas,
2361 2223 2420 2272 et
2457 2214 2761 2273 secundum
2797 2212 2867 2284 (e)
2907 2210 3267 2283 cogitationes
3309 2218 3430 2265 tuas

1846 2311 2109 2383 iudicabo
2139 2319 2210 2376 te,
2241 2311 2375 2367 dicit
2407 2307 2621 2365 Adonai
2660 2307 2946 2362 Dominus.
2975 2319 3033 2360 -t-
3064 2303 3291 2373 Propter
3326 2301 3431 2360 bor.

1850 2420 1954 2476 ego
1973 2402 2233 2475 iudicabo
2263 2411 2313 2458 te
2336 2401 2636 2460 seeundum
2663 2399 2957 2470 sanguines
2988 2407 3130 2462 tuos,
3158 2405 3213 2451 ct
3237 2409 3431 2451 secun-

1849 2496 1980 2552 dum
2034 2495 2391 2566 cogitationes
2439 2502 2559 2549 tuas
2603 2491 2862 2563 judicabo
2913 2499 2985 2554 te,
3028 2489 3329 2554 immunda,
3377 2496 3430 2542 ct

1852 2586 2153 2652 nominata,
2183 2594 2238 2641 et
2260 2584 2431 2639 multa
2463 2584 2529 2639 ad
2555 2581 2880 2638 irritandum
2913 2582 2961 2651 ζ.
2996 2579 3083 2637 15.
3116 2579 3183 2633 Et
3225 2579 3427 2634 i'actum

1849 2677 2182 2736 cstverbum
2224 2676 2437 2733 Domini
2473 2676 2539 2731 ad
2577 2691 2684 2742 me,
2715 2674 2903 2730 dicens
2940 2691 2953 2727 :
2990 2673 3076 2729 16.
3120 2670 3221 2727 Fili
3252 2671 3429 2727 homi·

1849 2772 1956 2839 nis,
1985 2785 2114 2826 ecce
2158 2785 2262 2839 ego
2293 2769 2426 2825 tollo
2460 2769 2525 2841 (Ι)
2569 2767 2839 2825 desideria
2879 2765 3164 2822 oculorum
3206 2773 3424 2820 tuorum

1850 2862 1904 2918 in
1938 2861 2299 2917 instructione
2320 2859 2468 2923 belli,
2501 2874 2609 2914 non
2638 2858 2885 2930 planges,
2921 2872 3100 2927 neque
3118 2854 3424 2916 defleberis.

1850 2970 2028 3026 neque
2081 2955 2301 3010 venient
2332 2953 2429 3008 tibi
2468 2952 2727 3009 lacrimae.
2779 2951 2866 3006 l'l.
2912 2949 2988 3021 (q)
3021 2947 3264 3006 Gemitus
3297 2964 3426 3005 san-

155 3033 372 3091 sacient
395 3037 694 3094 secundum
725 3039 1031 3110 impietates
1066 3056 1280 3097 earum.
1318 3040 1408 3097 ta.
1439 3042 1505 3097 Et
1524 3044 1746 3100 dabitur
1774 3069 1816 3125 ρ
1847 3044 2052 3115 guinis,
2083 3042 2254 3098 lumbi
2285 3042 2467 3098 luctus
2491 3050 2575 3097 est
2614 3041 2730 3097 baec
2760 3060 2773 3095 :
2811 3055 2920 3095 non
2959 3048 3121 3095 erunt
3143 3038 3323 3095 crines
3347 3038 3426 3094 tui

157 3127 420 3202 impietas
441 3139 621 3186 vestra
651 3146 815 3201 super
845 3146 965 3198 vos,
988 3140 1043 3189 et
1079 3142 1303 3204 peccata
1352 3135 1741 3205 cogitationum

154 3231 471 3278 vestrarum
507 3221 810 3294 accipietis,
834 3231 889 3279 et
918 3221 1126 3292 scietis,
1166 3225 1295 3294 quia
1339 3240 1441 3296 cgo
1483 3226 1746 3284 Dominus

159 3309 454 3370 Dominus.

233 3403 388 3460 CAP.
424 3401 778 3461 xxiva-l.
830 3405 895 3461 t-:t
917 3404 1122 3462 iactum
1154 3417 1236 3464 est
1267 3409 1485 3465 verbum
1526 3410 1743 3468 Domini

162 3493 233 3550 nd
267 3510 358 3551 me
403 3495 457 3550 in
512 3511 660 3550 anno
715 3511 884 3562 nono,
927 3497 984 3554 in
1027 3513 1214 3556 mense
1251 3499 1485 3570 decimo,
1532 3503 1746 3562 decimo

165 3583 400 3652 mensIs,
456 3583 647 3641 dicens
677 3601 691 3638 ε
725 3584 780 3643 2.
844 3584 947 3641 Fili
994 3585 1262 3656 hominis,
1313 3591 1490 3648 scribe
1544 3593 1642 3649 tibi
1684 3595 1738 3650 in

159 3669 307 3731 diem
338 3673 414 3748 (y)
446 3691 479 3731 a
511 3675 598 3732 die
623 3675 747 3743 boc,
783 3692 814 3733 a
846 3692 955 3749 quo
990 3693 1051 3734 se
1085 3679 1278 3737 extulit
1319 3697 1410 3739 rex
1451 3682 1740 3758 Babylonis

153 3779 329 3840 nuper
369 3765 694 3837 Jerusalem,
722 3784 751 3825 a
781 3771 867 3827 die
908 3771 1193 3830 hodierno.
1228 3775 1282 3831 5.
1332 3775 1398 3833 Et
1443 3779 1533 3836 dic
1574 3795 1742 3852 super

147 3858 380 3916 ‹lomum
408 3859 714 3918 irritantem
738 3862 1073 3933 parabolam,
1103 3873 1158 3922 et
1180 3867 1328 3925 dices
1351 3870 1417 3924 ad
1439 3886 1537 3926 eos
1567 3890 1581 3926 ε
1613 3871 1741 3930 llaec

155 3950 293 4008 dicit
316 3949 583 4009 Dominus
610 3951 875 4009 Dominus
907 3972 922 4008 :
946 3954 1097 4011 Pone
1118 3957 1305 4026 ollam,
1333 3961 1399 4030 31(
1429 3976 1570 4031 pone
1599 3965 1647 4032 ζ,
1685 3975 1741 4021 et

158 4042 386 4100 infunde
405 4043 463 4099 in
483 4057 606 4100 eam
636 4058 858 4116 aquam,
876 4044 929 4100 4.
962 4054 1017 4101 et
1037 4046 1192 4103 mitte
1214 4048 1268 4103 in
1293 4065 1412 4106 eam
1439 4063 1738 4124 segmenta,

161 4146 326 4187 omne
378 4142 723 4202 segmentum
779 4135 1065 4204 decorum,
1121 4152 1269 4207 crus,
1315 4148 1370 4195 et
1425 4142 1737 4214 humerum,

161 4220 405 4278 abscissa
425 4223 496 4278 ab
514 4223 752 4290 ossibus,
784 4225 838 4281 5.
868 4226 937 4281 de
952 4226 1204 4298 jumento
1227 4229 1403 4285 electo
1429 4231 1501 4305 (z)
1524 4247 1736 4292 sumta:

160 4324 216 4371 et
245 4314 474 4370 incende
502 4329 630 4371 ossa
661 4315 763 4372 sub
794 4318 895 4374 eis.
931 4317 1179 4388 Ferbuit,
1205 4319 1476 4390 efferbuit,
1508 4333 1562 4381 et
1585 4337 1740 4385 cocta

1852 3134 2091 3191 conserti
2133 3148 2295 3203 super
2340 3140 2413 3196 te,
2453 3141 2509 3187 et
2550 3132 2918 3188 calceamenta
2975 3141 3066 3186 tua
3106 3130 3160 3185 in
3200 3130 3426 3201 pedibus

1853 3224 1962 3280 tuis
1995 3240 2011 3279 ε
2041 3238 2150 3279 nnn
2193 3221 2620 3278 consolationem
2657 3220 2894 3291 accipies
2932 3221 2985 3275 in
3019 3220 3176 3275 labiis
3212 3235 3422 3285 eorum,

1852 3324 2116 3386 etpaucm
2148 3313 2389 3370 virorum
2418 3328 2527 3368 non
2556 3312 2827 3368 comedes.
2858 3311 2944 3366 18.
2979 3310 3044 3367 Et
3069 3311 3284 3367 locutus
3304 3326 3422 3367 sum

1852 3407 1919 3464 ad
1994 3406 2253 3479 populum
2328 3420 2522 3470 manc,
2549 3419 2611 3459 -t-
2642 3403 3100 3475 quemadmodum
3172 3406 3427 3475 praecepit

1852 3500 1985 3557 milti
2023 3501 2072 3572 ζ,
2104 3506 2160 3555 et
2189 3486 2403 3554 mortua
2453 3506 2537 3552 est
2580 3510 2727 3551 uxor
2760 3509 2882 3550 mea
2921 3509 3163 3566 vespere,
3216 3504 3271 3551 et
3320 3493 3422 3551 ieci

1850 3608 2031 3658 mane,
2062 3588 2521 3663 quemadmodum
2567 3595 2897 3659 proeceptum
2926 3586 3027 3643 l'uit
3051 3587 3206 3643 mibi.
3238 3586 3324 3642 19.
3360 3586 3426 3643 Et

1846 3684 1985 3741 dixit
2040 3684 2106 3738 ad
2151 3697 2237 3738 me
2276 3682 2510 3753 populus
2543 3701 2558 3736 :
2605 3678 2723 3736 Non
2754 3679 2894 3737 dicis
2927 3679 3106 3748 nobis,
3140 3679 3272 3750 quid
3315 3678 3427 3733 sint

1848 3774 2301 3848 >t<nobis2l1a=c,
2335 3788 2458 3846 quae
2493 3782 2551 3828 tu
2585 3770 2760 3828 sacis?
2794 3770 2885 3826 20.
2934 3771 3002 3825 Et
3031 3771 3145 3827 dixi
3178 3766 3247 3823 ad
3279 3784 3372 3824 eos
3409 3788 3421 3823 :

1849 3868 2088 3924 Verbum
2145 3867 2362 3924 Domini
2416 3865 2618 3920 sactum
2668 3873 2753 3920 est
2795 3863 2864 3917 ad
2903 3877 3018 3929 mc,
3071 3860 3423 3917 dicens22l.

1847 3960 1946 4017 Dic
1970 3962 2039 4017 ad
2064 3960 2289 4015 domum
2320 3956 2539 4012 Israelis
2568 3973 2581 4008 ε
2614 3953 2742 4008 Haec
2773 3951 2908 4008 dicit
2953 3951 3217 4006 Dominus
3244 3950 3428 4026 Domi-

1847 4067 1954 4107 nus
1987 4050 2167 4106 :Ecce
2211 4061 2314 4118 ego
2340 4045 2640 4117 profanabo
2672 4042 2871 4097 Sancta
2919 4056 3057 4107 mea,
3102 4042 3422 4111 iactantiam

1851 4140 2191 4198 fortitudinis
2222 4147 2440 4201 vestrae,
2473 4133 2854 4192 desiderabilia
2890 4133 3174 4190 oculorum
3216 4146 3425 4193 vestro-

1849 4250 1993 4300 rum,
2023 4239 2080 4288 et
2099 4246 2200 4303 pro
2228 4230 2431 4304 quibus
2461 4236 2695 4300 parcunt
2720 4227 2919 4280 animae
2958 4234 3159 4282 vestrae
3191 4244 3207 4281 ε
3241 4236 3295 4283 et
3327 4228 3422 4282 lilii

1847 4329 2039 4394 vestri,
2085 4337 2141 4384 et
2187 4327 2312 4383 tiliae
2348 4332 2561 4388 vestrae,
2600 4333 2740 4391 quos
2785 4318 3102 4389 reliquistis,
3146 4320 3201 4373 in
3244 4317 3424 4390 gladio

162 4413 289 4462 sunt
323 4418 446 4462 ossa
479 4406 600 4478 ejus
629 4407 684 4463 in
720 4408 899 4465 medio
931 4409 1096 4467 illius.
1135 4412 1187 4468 6.
1224 4411 1453 4490 Propter
1491 4418 1597 4477 boc
1625 4420 1742 4479 ltaec
1775 4415 1818 4471 D
1846 4422 2064 4487 cadent,
2093 4417 2183 4473 22.
2230 4425 2286 4472 et
2337 4413 2517 4479 l'acite,
2554 4408 3009 4482 quemadmodum
3045 4407 3147 4464 l'eci
3186 4426 3199 4463 :
3244 4406 3320 4480 (h)
3354 4410 3423 4462 ab

163 4497 293 4555 dicit
321 4498 529 4556 Adonai
556 4498 824 4558 Dominus
851 4521 864 4557 :
892 4501 939 4559 0
976 4504 1110 4562 urbs
1139 4509 1489 4579 sanguinum,
1523 4514 1652 4582 olla,
1680 4515 1736 4573 in

160 4607 267 4665 qua
289 4601 376 4649 cst
400 4608 608 4667 aerugo,
644 4602 702 4651 et
731 4611 916 4668 aerugo
946 4613 1054 4655 nou
1086 4599 1220 4655 exiit
1246 4616 1312 4657 ex
1343 4619 1427 4670 ea,
1461 4607 1738 4663 membra-

162 4683 254 4737 tim
283 4684 529 4756 protulit,
574 4699 685 4764 non
725 4688 922 4745 cecidit
958 4704 1125 4762 super
1155 4706 1276 4747 eam
1315 4708 1456 4750 sors.
1500 4697 1553 4755 7.
1597 4695 1735 4766 Quia

165 4778 380 4848 sanguis
404 4777 526 4851 ejus
556 4780 611 4836 in
639 4781 821 4838 medio
849 4780 997 4840 illius
1023 4792 1130 4850 est,
1183 4800 1349 4857 super
1392 4797 1601 4859 petram
1647 4791 1738 4848 lae·

235 4937 307 5012 (q)
340 4938 426 5004 S..
452 4951 658 4998 etcum
698 4943 1075 5029 sacrificarent
1109 4946 1252 5003 tilios
1274 4963 1406 5008 suos
1431 4952 1595 5012 idolis
1621 4957 2245 5031 suis,ingrediebantur.
2686 5017 2698 5030 ,
2743 5017 2753 5028 ,

439 5010 511 5082 (ε)
548 5011 668 5078 m,
699 5029 771 5078 ei,
815 5029 978 5086 cujus
1004 5018 1077 5071 ab
1106 5018 1349 5090 'antiquo
1375 5031 1462 5077 cst
1500 5033 1717 5099 tempus
1741 5029 2096 5088 scortationis
2141 5021 2444 5081 meretricis
2482 5027 2878 5075 meretricium.

167 5007 391 5149 insa„
410 5089 467 5138 ct
496 5084 936 5152 expurgabiteas
966 5085 1022 5141 in
1053 5085 1252 5155 gladiis
1271 5104 1486 5149 eorum.

1846 4532 1942 4573 orc
1966 4525 2293 4570 eorum-uon
2328 4506 2607 4578 accipietis
2643 4502 3096 4567 consolationem,
3136 4508 3191 4558 et
3223 4515 3418 4573 panem

1843 4609 2089 4665 virorum
2117 4622 2227 4661 non
2253 4599 2569 4665 comedetis,
2597 4597 2689 4653 23.
2713 4604 2768 4652 et
2795 4594 3034 4651 cincinni
3063 4593 3227 4650 vestri
3258 4603 3421 4661 supcr-

1843 4701 2023 4776 cnpite
2064 4707 2284 4762 vestro,
2345 4703 2399 4751 et
2442 4693 2806 4749 calceamenta
2852 4696 3033 4743 vestra
3088 4687 3142 4742 in
3188 4673 3420 4756 pediluls

1843 4796 2041 4854 vestris
2075 4812 2089 4849 ε
2123 4809 2222 4849 nec
2250 4787 2536 4861 plangetis,
2572 4779 2999 4855 nequessebitis,
3021 4787 3076 4835 et
3103 4776 3419 4848 liquescetis

2353 4952 2422 5022 (r)
2453 4949 2539 5014 S.,
2566 4955 2619 5003 et
2647 4961 2752 5001 vox
2798 4951 2974 5001 coetus
2999 4939 3272 4997 affluentis
3299 4948 3418 4992 erat

2979 5012 3045 5084 (t)
3091 5012 3268 5079 Super
3299 5021 3414 5063 eas.

1565 5096 1645 5169 (Φ)
1672 5098 1758 5166 8.,
1785 5101 1931 5172 quod
1956 5113 2176 5155 cessare
2208 5093 2405 5150 luciam
2430 5088 2896 5146 abominationem
2925 5099 2956 5137 a
2986 5091 3151 5137 terra.
3230 5081 3304 5147 ty)
3332 5075 3416 5142 S..

166 5148 354 5222 inipso
387 5149 477 5206 die
499 5150 605 5208 boc
633 5154 923 5208 antevertit
951 5158 1257 5214 constituit.
1335 5161 1412 5233 (a)
1442 5161 1529 5230 8.,
1558 5183 1711 5226 sume
1732 5174 1833 5236 sal,
1870 5179 1925 5227 et
1965 5184 2107 5240 pone
2138 5164 2496 5220 circumcirca
2528 5175 2653 5214 ossa
2689 5156 2790 5211 sub
2818 5154 2918 5209 cis.
2996 5154 3071 5218 (a)
3101 5149 3225 5212 Th„
3251 5155 3305 5202 ct
3330 5148 3413 5201 in·

165 5217 602 5276 flammationem.

704 5223 779 5292 (ὁ)
818 5221 903 5290 8.,
944 5225 1111 5282 simul
1140 5238 1406 5300 coquetur
1441 5237 1895 5298 stabilimentum.

2012 5238 2081 5307 (c)
2112 5234 2196 5301 8.,
2226 5236 2281 5290 iu
2325 5246 2510 5287 amore
2533 5227 2733 5284 laboris
2766 5225 2868 5279 l'uit
2895 5238 3019 5279 cum
3067 5218 3335 5275 molestia.
3365 5225 3419 5269 et

169 5305 267 5346 nou
293 5291 464 5346 exivit
487 5291 556 5346 de
582 5305 650 5347 ea
675 5293 970 5375 multitudo
1000 5296 1261 5366 terriginis
1286 5302 1428 5384 ejus.
1510 5305 1573 5389 (·)
1603 5309 1699 5365 llio
1726 5312 1910 5381 lapsus
1930 5315 2017 5366 cst
2048 5308 2319 5388 interpres
2354 5302 2636 5374 Syriacus,
2669 5297 2762 5367 qui
2797 5309 2988 5349 vocem
3010 5291 3255 5386 (hamam
3286 5285 3418 5356 ζὲμ-

169 5375 260 5432 μᾶν
294 5376 418 5433 (1⁸⁸³
445 5369 531 5416 ⁴³⁶²
558 5359 884 5419 flehratcum
912 5375 1047 5432 rim,
1070 5368 1356 5429 elementis
1386 5374 1594 5434 Graeens
1621 5381 1911 5453 scriptum,
1949 5387 2158 5446 accepit
2185 5384 2243 5431 ut
2274 5388 2471 5429 nomen
2517 5370 2768 5425 Graecum
2813 5364 2976 5434 ζὲμα,
3014 5379 3042 5414 ²¹
3076 5361 3240 5414 lesbo
3287 5358 3415 5424 ζέω.

163 5461 216 5508 et
240 5452 400 5509 vertit

427 5436 632 5580 ufvw,
663 5453 910 5514 elisatio.
941 5457 1028 5516 Cf.
1060 5476 1224 5532 supra
1261 5474 1442 5522 notam
1492 5468 1558 5524 acl
1602 5488 1736 5541 κω,
1773 5473 1827 5529 9.
1889 5470 2095 5525 Dascu-

273 5519 360 5587 S..
400 5521 453 5578 lo
487 5533 676 5579 tunam
713 5527 1003 5584 oculorum
1039 5539 1256 5589 tuorum
1298 5538 1351 5590 iu
1397 5541 1769 5608 percussione.

2202 5466 2278 5537 (d)
2312 5463 2395 5528 S..
2456 5480 2564 5518 nou
2615 5457 2977 5516 retrocedam.
3086 5451 3157 5524 (e)
3197 5450 3410 5505 Studia.

1874 5541 1948 5610 (9)
1994 5538 2080 5603 8.,
2120 5554 2295 5606 geme,
2328 5537 2456 5591 dum
2491 5535 2639 5595 siles,
2680 5539 2734 5585 ct
2773 5531 2977 5583 luctum
3014 5525 3417 5623 ¹¹¹¹³⁸¹³l'}l¹}¹.1',⁶

166 5522 609 5651 ffel-snorum
669 5604 760 5652 tua
790 5597 894 5654 fult
950 5600 1124 5669 posita
1164 5606 1355 5668 tibi.ct
1407 5609 1660 5669 calceasti
1712 5611 1876 5684 pedes
1916 5621 2061 5674 tuoS,
2114 5615 2169 5663 et
2225 5622 2332 5663 non
2382 5606 2643 5662 obvolvas
2703 5600 2847 5655 labia
2900 5609 3012 5660 tua,
3074 5602 3119 5621 ‘⁸

178 5683 247 5758 (Α)
274 5681 361 5760 8.,
385 5686 529 5746 labia
560 5695 652 5745 tua
684 5688 806 5762 (pro
830 5673 982 5776 -ῥντ,
1019 5702 1130 5762 tua,
1167 5678 1354 5775 11:5⁹7,
1384 5711 1570 5771 tustra,
1601 5702 1890 5776 legendum
1928 5699 2113 5772 credo)
2146 5699 2467 5758 obvolvens.
