3967 6217
578 355 715 448 arti

1683 384 1914 441 coum
1955 378 2748 439 svntAco-ttssxtt‘tattts.

3753 372 3863 428 27¹1

579 522 702 566 cent
730 520 966 577 superte
1017 504 1226 570 turlas,
1267 511 1321 557 et
1355 500 1672 571 lapidabunt
1702 512 1751 555 te
1781 501 1835 554 in
1863 498 2151 569 lapidibus,
2188 498 2227 552 A
2258 493 2571 547 velarentur
2641 489 2862 546 malitiae
2916 496 3022 543 tuae
3056 527 3073 553 ,
3153 481 3679 556 quemadmodum
3750 497 3859 534 uua<

582 612 635 658 et
655 600 903 656 occident
936 606 990 652 te
1024 597 1075 652 in
1104 595 1299 668 gladiis
1328 595 1463 649 suis.
1494 594 1583 649 41.
1625 593 1690 646 Ει
1717 593 2041 647 comburent
2062 591 2159 644 do·-

585 710 705 748 mos
728 703 845 748 tuas
885 691 939 746 in
990 690 1131 760 igne,
1165 697 1218 742 ct
1267 686 1470 742 facient
1509 686 1564 740 in
1610 694 1660 739 te
1709 684 1942 740 ultiones
1971 697 2154 739 coram

585 785 905 842 mulieribus
937 784 1121 838 multis
1154 798 1167 832 :
1200 790 1254 836 et
1282 787 1523 834 avertam
1549 791 1600 834 te
1629 794 1658 833 a
1694 777 2018 833 scortatione
2038 786 2154 840 tua,

583 886 638 932 et
665 876 944 931 mercedes
983 889 1091 928 non
1121 872 1276 927 dabis
1306 871 1468 926 ultra.
1493 871 1581 925 49..
1617 869 1682 923 Et
1705 868 1972 923 dimittam
2006 865 2160 921 furo-

582 984 696 1022 rem
724 983 902 1022 meum
951 981 1118 1036 super
1150 973 1221 1030 te,
1258 974 1312 1020 et
1362 963 1582 1018 tolletur
1608 961 1757 1014 zelus
1789 974 1943 1013 meus
1972 973 2004 1013 a
2052 967 2102 1012 te
2141 975 2154 1011 z

581 1069 636 1113 et
658 1059 1022 1128 requiescam,
1044 1062 1100 1110 et
1124 1070 1234 1109 non
1268 1053 1474 1110 curabo
1515 1053 1776 1121 amptius;
1805 1050 1894 1104 45.
1920 1063 2017 1119 pto
2073 1048 2158 1103 bis

581 1151 725 1220 quod
758 1165 868 1204 non
925 1149 1203 1204 recordata
1258 1163 1319 1202 es
1355 1147 1563 1200 dierum
1600 1143 1978 1198 adolescentiae
2029 1150 2154 1206 ture,

584 1244 664 1313 (d)
699 1251 753 1298 et
801 1242 1026 1297 tristitia
1057 1239 1329 1295 afficiebas
1391 1256 1476 1291 me
1515 1238 1568 1291 in
1625 1237 1708 1291 bis
1755 1236 2060 1290 omnibns:
2105 1243 2160 1290 et

582 1349 685 1404 ego
714 1347 841 1389 ecce
871 1334 988 1388 vias
1012 1344 1132 1386 tuas
1163 1332 1215 1384 in
1248 1339 1408 1399 caput
1434 1337 1590 1383 tuum
1621 1328 1765 1392 dedi,
1801 1328 2155 1382 dic'tAdonai

585 1425 848 1480 Dominus
884 1442 898 1479 ι
924 1423 990 1493 (e)
1021 1432 1075 1477 et
1103 1423 1182 1478 sic
1218 1421 1390 1476 fecisti
1419 1420 1747 1491 impietatem
1780 1435 1941 1488 supcr
1967 1435 2158 1475 omnes

585 1516 903 1584 iniquitates
941 1527 1079 1568 tuas.
1109 1513 1198 1568 tt.
1226 1511 1350 1569 Haec
1380 1523 1509 1568 sunt
1529 1512 1733 1575 omnia,
1758 1527 1879 1579 qnae
1903 1511 2158 1565 dixerunt

585 1621 752 1675 snper
782 1609 833 1658 t‘e
860 1605 912 1658 in
952 1605 1230 1673 parabola,
1263 1604 1504 1658 dicentes
1537 1625 1547 1658 :
1585 1602 1739 1658 Sicut
1769 1610 1958 1668 mater,
1991 1602 2155 1655 etiam

586 1698 716 1752 lilia.
751 1697 840 1751 45.
877 1697 1009 1751 Filia
1049 1698 1235 1752 matris
1277 1705 1381 1752 tute
1420 1707 1474 1751 tu
1505 1712 1581 1762 es,
1607 1711 1729 1766 qnae
1759 1697 2155 1766 repulitvirunt

585 1805 768 1854 sunm,
793 1798 845 1844 et
874 1789 1016 1844 tilios
1045 1804 1196 1852 suOS,
1221 1789 1282 1859 (ἡ
1307 1797 1360 1843 et
1385 1803 1629 1843 sororem
1645 1803 1892 1843 sororum
1917 1797 2157 1853 tuarum,

585 1896 708 1950 quae
737 1881 810 1951 (q)
852 1882 1167 1950 repulerunt
1193 1882 1342 1934 viros
1381 1895 1532 1946 suos,
1566 1888 1620 1933 ct
1652 1878 1792 1936 filios
1821 1894 1951 1934 suos
1991 1897 2005 1933 ε
2041 1893 2156 1933 rna-

587 1983 666 2028 ter
694 1984 870 2029 vestra
907 1972 1147 2038 Retbaea,
1170 1983 1224 2028 ct
1244 1983 1393 2043 pater
1428 1983 1607 2027 vester
1637 1972 1712 2044 (h)
1739 1971 2153 2027 Amoraeus.·{6.

584 2065 672 2121 46.
712 2065 877 2122 Soror
906 2076 1078 2124 vestra
1099 2067 1279 2121 senior
1313 2066 1584 2133 Samaria,
1612 2066 1747 2133 haec,
1767 2074 1821 2120 et
1855 2066 1978 2120 liliae
2007 2066 2152 2136 eius,

584 2172 708 2226 quae
739 2156 987 2210 habitant
1020 2172 1048 2210 a
1078 2157 1301 2211 sinistra
1338 2165 1425 2210 tua
1451 2174 1465 2210 t
1493 2167 1548 2211 et
1572 2171 1730 2210 soror
1764 2166 1853 2210 tna
1873 2156 2060 2226 junior
2080 2164 2154 2220 te,

585 2263 708 2315 qna’
736 2248 942 2301 habitat
967 2262 997 2301 a
1048 2251 1237 2302 dextra
1262 2257 1351 2302 tua
1377 2246 1637 2313 Sodoma,
1669 2254 1722 2302 et
1745 2247 1866 2302 titiae
1891 2247 2031 2317 ejus.
2066 2247 2157 2301 47.

588 2338 693 2393 Sed
730 2354 836 2393 non
866 2315 1176 2410 sicquitto'm
1203 2342 1255 2393 in
1284 2340 1385 2395 viis
1418 2354 1603 2394 earum
1631 2340 1942 2403 ambulasti,
1985 2354 2160 2409 neque

587 2432 886 2486 secundum
928 2429 1239 2498 iniquitates
1285 2444 1473 2483 earnm
1503 2428 1659 2499 egisti
1686 2429 2056 2499 paullominus
2087 2433 2156 2498 jo<

586 2522 730 2576 sicut
785 2519 964 2572 dicere
995 2517 1056 2586 ζ,
1108 2527 1165 2573 et
1228 2518 1623 2589 transgrederis
1686 2533 1781 2573 eas
1823 2519 1876 2572 in
1904 2519 2159 2573 ouinibus

585 2611 690 2666 viis
717 2610 845 2664 tuis.
872 2608 962 2663 48.
999 2607 1132 2661 Vivo
1159 2622 1280 2679 ege,
1341 2608 1475 2663 dicit
1531 2607 1741 2661 Adonai
1800 2605 2086 2676 DominuS,
2114 2609 2159 2664 si

585 2700 713 2757 fecit
745 2700 981 2756 Sodoma
1011 2699 1168 2754 soror
1208 2709 1299 2753 tua
1353 2699 1490 2769 ipsa,
1544 2709 1597 2753 et
1630 2700 1752 2753 tiliae
1793 2698 1936 2768 ejus,
1964 2715 2159 2770 quem-

586 2794 878 2848 admodum
910 2791 1085 2846 fecisti
1118 2807 1197 2854 tu,
1238 2801 1290 2846 et
1312 2790 1434 2845 liliae
1473 2799 1600 2844 tuae.
1647 2790 1737 2845 49.
1773 2789 2159 2847 Verumtamen

587 2886 704 2940 baec
742 2889 810 2954 Χ
848 2893 931 2939 est
960 2883 982 2952 ζ
1011 2884 1111 2937 fuit
1171 2883 1431 2953 iniquitas
1489 2883 1739 2939 Sodomae
1791 2883 2001 2939 sororis
2036 2895 2159 2952 tuae,

587 2977 843 3046 superbia
876 2976 956 3035 ,in
1013 2975 1299 3030 saturitate
1363 2991 1565 3043 panum
1593 3015 1608 3039 ‚
1637 2982 1693 3031 et
1726 2976 1780 3029 in
1811 2975 2163 3031 abundantiis

586 3066 699 3120 vini
750 3066 977 3121 delicate
1030 3066 1305 3132 vivebant,
1353 3064 1470 3136 ipsa
1496 3075 1551 3120 et
1580 3065 1702 3120 filim
1758 3066 1916 3137 ejus:
1971 3081 2029 3122 -t-
2058 3067 2163 3122 hoc

587 3168 707 3212 erat
737 3158 786 3212 ei
821 3159 879 3230 ζ,
928 3166 982 3214 et
1032 3158 1160 3212 liliis
1185 3157 1306 3226 ejus
1333 3156 1397 3229 (i)
1446 3165 1503 3213 et
1551 3173 1774 3213 manum
1822 3161 2075 3229 pauperis
2108 3169 2162 3215 et

549 3241 563 3257 ⁶
587 3249 743 3320 egeni
762 3249 1387 3319 nonapprebendelzant,
1429 3248 1520 3307 50.
1546 3258 1601 3305 et
1625 3266 1820 3322 magna
1850 3253 2162 3325 gloriaban-

591 3350 700 3407 tur,
728 3352 781 3397 et
808 3340 1055 3397 fecerunt
1084 3342 1397 3413 iniquitates
1420 3357 1603 3398 coram
1624 3358 1730 3410 me,
1750 3345 2018 3399 etahstnli
2046 3359 2161 3410 eas,

589 3429 731 3514 sicut
759 3431 893 3486 vidi.
924 3429 1013 3484 51.
1071 3429 1137 3483 Et
1190 3429 1438 3486 Samaria
1496 3433 1797 3488 seeundum
1869 3433 2159 3488 dimidium

589 3531 936 3589 pcccatorum
967 3530 1185 3576 tuorum
1210 3538 1318 3576 non
1367 3524 1654 3592 peccavit:
1688 3533 1740 3579 et
1788 3526 2162 3595 multiplicasti

592 3610 908 3682 iniquitates
940 3628 1061 3667 tuas
1088 3616 1210 3683 plus
1241 3629 1406 3683 quam
1422 3629 1518 3681 ea»,
1537 3625 1591 3670 et
1613 3616 1925 3685 justificasti
1948 3631 2164 3672 sorores

594 3712 716 3758 tuas
749 3704 802 3758 in
851 3705 1106 3761 omnibus
1164 3706 1544 3774 iniquitatibus
1595 3709 1732 3774 tuis,
1781 3724 1919 3778 quas
1963 3708 2161 3764 fecisti.

592 3793 681 3848 52.
722 3792 793 3865 (k)
822 3792 886 3847 Et
918 3805 971 3848 tu
1006 3797 1219 3850 sustine
1247 3804 1574 3852 tormentum
1610 3808 1763 3852 tuum
1813 3799 1867 3853 in
1899 3812 1988 3866 eo,
2017 3801 2161 3870 quod

591 3888 906 3956 corruperis
968 3901 1188 3943 sorores
1245 3898 1367 3943 tuas
1421 3889 1475 3944 in
1516 3889 1753 3960 peccatis
1782 3890 1929 3956 tuis,
1963 3892 2166 3961 quibus

594 3978 779 4049 inique
806 3979 961 4050 egisti
986 3979 1128 4049 plus,
1155 3996 1316 4051 quam
1351 3996 1447 4048 eae,
1488 3992 1542 4035 et
1576 3982 1889 4052 justificasti
1912 3999 2006 4038 eas
2046 3984 2167 4053 plus

591 4088 755 4141 quam
795 4084 873 4129 te:
902 4083 956 4130 et
1000 4083 1054 4129 tn
1100 4077 1392 4141 erubesce,
1446 4086 1499 4132 et
1549 4079 1769 4147 suscipe
1812 4079 2166 4149 ignominiam

595 4175 767 4234 tuam,
799 4184 866 4224 eo
894 4170 1037 4238 quod
1065 4171 1454 4240 justificaveris
1520 4186 1739 4228 sorores
1804 4180 1947 4227 tuaS.
1993 4172 2081 4228 53.
2103 4172 2171 4228 Et

591 4272 909 4316 convertam
942 4264 1310 4316 reversionem
1355 4279 1543 4317 earum
1564 4304 1581 4329 ,
1622 4269 2033 4323 conversionem
2067 4267 2169 4324 So-

593 4352 790 4412 domae,
829 4351 892 4419 (Ι)
916 4360 970 4404 et
996 4366 1245 4406 sororum
1275 4354 1395 4423 ejus
1424 4373 1437 4408 ε
1463 4363 1517 4409 et
1544 4369 1856 4413 convertam
1900 4362 2169 4416 reversio·

595 4459 719 4498 nem
752 4441 1036 4508 Samariae,
1069 4451 1122 4496 et
1166 4445 1398 4497 tiliarum
1438 4441 1590 4515 ejus‘:
1616 4456 1670 4502 et
1699 4459 2012 4506 convertam
2039 4469 2172 4508 con-

2255 1585 2569 1653 junioribus
2602 1594 2674 1650 te,
2704 1593 2759 1638 et
2788 1584 2932 1638 dabo
2961 1597 3057 1638 eas
3097 1583 3193 1638 tibi
3232 1583 3287 1638 in
3340 1582 3795 1654 probationem.
3818 1599 3847 1637 s

2256 582 2604 653 opprobrium
2646 597 2706 637 es
2758 581 2993 636 tiliarum
3033 576 3222 650 Syrie,
3252 585 3307 631 et
3334 572 3861 644 ornatumque

2257 674 2484 730 circuitu
2517 674 2658 744 ejus,
2692 674 2926 728 tiliarum
2966 671 3435 741 alienigenarum,
3472 680 3635 736 quae
3666 667 3866 720 circm-

2258 765 2391 820 dant
2418 776 2470 820 te
2500 766 2863 819 circumcirca
2894 771 2968 826 te.
2991 761 3081 817 58.
3128 759 3208 831 (ιι)
3252 762 3627 831 impietates
3672 768 3861 822 tusae

2260 858 2581 929 iniquitates
2616 866 2740 912 tuas
2768 868 2824 910 tu
2854 855 3084 926 portasti
3114 869 3228 919 eas,
3261 852 3394 908 dicit
3436 850 3778 904 nunninus.
3802 851 3857 904 52

2258 950 2325 1016 >tis
2359 948 2551 1016 Quia:
2607 949 2722 1002 ltaee
2775 947 2909 1001 dicit
2945 945 3157 1000 Adonai
3200 943 3499 998 Dominus
3542 959 3564 993 t
3616 939 3856 994 Etiamli-

2257 1041 2400 1094 ciam
2432 1042 2485 1095 in
2518 1050 2587 1102 te,
2623 1040 2768 1094 sicut
2796 1038 3016 1103 fecisti,
3062 1037 3206 1093 sicut
3254 1033 3618 1104 despexisti
3682 1033 3851 1094 breta

2258 1131 2719 1202 transgredereris
2752 1138 3139 1186 testamentum
3169 1142 3353 1184 meum
3385 1146 3399 1181 ε
3440 1124 3569 1181 60.
3628 1133 3697 1179 et
3734 1140 3841 1178 rem

2257 1221 2429 1275 dabor
2449 1236 2550 1291 ego
2597 1221 2908 1276 testamenti
2952 1220 3076 1281 mei,
3138 1215 3282 1288 quod
3337 1225 3567 1272 tecum
3624 1215 3693 1270 iu
3722 1215 3821 1267 diu

2260 1312 2510 1380 pueritiae
2543 1320 2673 1376 tuae,
2714 1319 2768 1366 et
2800 1311 3080 1366 suscitabo
3103 1310 3198 1365 tibi
3226 1317 3693 1365 testamentum
3709 1323 3823 1374 serzi
3866 1305 3873 1314 “

2261 1411 2496 1457 ternum.
2529 1404 2622 1458 ot.
2651 1401 2726 1472 (ο)
2759 1401 3214 1456 Etrecordaberis
3240 1402 3343 1456 vite
3372 1411 3537 1462 tuae,
3570 1409 3643 1454 et
3669 1413 3844 1454 conte}
3900 1427 3901 1434 ι

2259 1498 2428 1558 neris,
2457 1510 2582 1548 cum
2621 1493 2891 1563 receperis
2941 1506 3162 1547 sorores
3204 1502 3327 1547 tuas
3360 1492 3668 1562 majores
3696 1501 3748 1545 te
3775 1507 3845 1546 ru

2259 1693 2367 1732 non
2395 1693 2460 1732 ex
2483 1684 2809 1732 testamento
2840 1684 2952 1730 tuo.
2989 1675 3079 1729 62.
3121 1673 3188 1732 Et
3215 1676 3533 1732 suscitabo
3596 1691 3715 1746 ego
3739 1685 3849 1728 tesa-

2262 1779 2505 1824 mentum
2535 1784 2714 1824 meum
2743 1778 2946 1835 tecum,
2974 1779 3030 1824 et
3058 1783 3381 1840 cognosces,
3428 1768 3625 1839 quod
3656 1782 3757 1838 ego
3778 1765 3843 1820 ne

2191 1851 2232 1905 Β
2262 1862 2444 1916 minus
2468 1879 2484 1929 ;
2507 1862 2597 1916 65.
2627 1868 2690 1916 nt
2718 1862 3042 1926 recorderis,
3099 1870 3154 1914 et
3198 1860 3557 1924 erubescas,
3598 1867 3662 1913 et
3688 1871 3783 1912 non
3802 1869 3845 1909 ei

2261 1952 2357 2007 tibi
2397 1951 2537 2007 ultra
2569 1954 2781 2023 aperire
2813 1955 2967 2021 os>s(
3000 1962 3152 2006 tuum
3200 1951 3224 2021 ζ
3281 1967 3309 2004 a
3347 1950 3517 2007 facie
3564 1949 3839 2021 ignominia

2262 2054 2387 2109 tuae,
2427 2061 2551 2099 cum
2586 2045 2853 2115 propitius
2894 2043 3052 2099 fuero
3109 2044 3206 2099 tibi
3255 2044 3413 2113 juxta
3495 2044 3737 2104 omnia,
3764 2055 3845 2110 qu

2260 2135 2461 2204 fecisti,
2489 2137 2624 2190 dicit
2650 2134 2861 2190 Adonai
2892 2133 3177 2191 Dominus.

2333 2250 2466 2318 Cap.
2503 2245 2665 2301 xvtt.
2691 2276 2762 2287 -—
2786 2247 2835 2301 l.
2866 2246 2935 2301 Et
2972 2245 3174 2302 factum
3212 2254 3297 2301 est
3345 2246 3619 2301 verbum
3668 2244 3841 2299 Domini

2262 2338 2328 2394 ad
2356 2354 2461 2404 me,
2491 2338 2717 2392 dicens:
2747 2336 2801 2391 2.
2835 2335 2937 2392 Fut
2963 2336 3225 2401 hominis,
3250 2351 3413 2391 narra
3443 2337 3834 2393 narrationem

2263 2437 2317 2482 et
2339 2428 2426 2482 die
2454 2427 2769 2497 parabolam
2800 2427 2869 2480 ad
2919 2426 3142 2480 domum
3184 2425 3429 2485 Israelis,
3498 2427 3568 2481 3.
3602 2437 3663 2482 et
3688 2426 3835 2480 dices:

2265 2520 2389 2575 llaec
2417 2520 2551 2574 dicit
2585 2518 2791 2572 Adonai
2827 2517 3089 2571 Dominus
3116 2536 3130 2572 ι
3162 2517 3359 2587 Aquila
3388 2534 3644 2589 magna,
3682 2529 3831 2584 magn

2265 2613 2387 2678 aliS,
2419 2612 2574 2679 longa
2612 2609 2955 2672 extensione,
2993 2609 3149 2678 plena
3182 2610 3477 2677 ungulum,
3534 2610 3639 2664 cui
3674 2609 3833 2665 estin-

2264 2713 2419 2773 petus
2458 2700 2697 2755 intrandi
2730 2700 2785 2754 in
2816 2699 3082 2754 Libanum
3116 2709 3207 2753 :et
3250 2700 3503 2768 sumpsit
3573 2701 3658 2770 (p)
3703 2701 3825 2754 eled!

2263 2792 2438 2854 cedri,
2464 2790 2517 2844 4.
2549 2790 2623 2860 (q)
2656 2790 3000 2845 summitates
3029 2789 3416 2844 teneritudinis
3443 2791 3826 2848 infirmariae

2265 2884 2494 2940 adduxit
2515 2898 2609 2938 eas
2636 2883 2691 2938 in
2715 2891 2915 2937 terram
2940 2882 3224 2946 Cbanaan,
3256 2881 3327 2951 (r)
3362 2880 3420 2935 in
3455 2883 3618 2938 urbe
3666 2885 3821 2938 munia
3900 2871 3901 2874 ’

2264 2977 2448 3049 posuit
2478 2974 2666 3030 casu&
2709 2973 2777 3030 Et
2799 2974 2999 3029 sumsit
3042 2974 3111 3028 de
3161 2974 3365 3030 semine
3404 2983 3611 3042 ωτι-εν,
3644 2985 3697 3029 et
3723 2973 3819 3028 derit

2264 3067 2397 3122 illud
2421 3066 2488 3137 (s)
2520 3067 2572 3120 in
2595 3080 2789 3136 eampo
2811 3065 3201 3134 plantationem
3222 3065 3289 3130 Χ
3306 3073 3615 3134 acceptam
3652 3065 3679 3134 ζ
3704 3073 3821 3130 supe

2265 3173 2464 3229 aquam
2503 3157 2729 3212 multam
2757 3172 2770 3207 :
2794 3154 3010 3210 visibile
3028 3154 3301 3210 ordinavit
3322 3153 3485 3208 illud.
3508 3155 3575 3209 6.
3602 3155 3815 3210 Etann-

2266 3262 2369 3319 est,
2398 3262 2451 3307 et
2489 3252 2695 3306 factum
2734 3259 2821 3304 est
2878 3250 2931 3303 in
2980 3248 3144 3303 vitem
3204 3249 3509 3314 infirmam,
3542 3261 3606 3304 et
3645 3261 3809 3320 parva!
3874 3285 3885 3324 1

2264 3344 2660 3416 magnitudine,
2720 3352 2780 3396 ut
2836 3342 3151 3396 viderentur
3210 3340 3468 3409 palmites
3526 3341 3662 3410 eius
3702 3351 3816 3406 supet

2263 3453 2382 3493 eam
2413 3456 2425 3490 :
2459 3445 2514 3491 et
2545 3435 2756 3490 radices
2779 3434 2901 3503 ejus
2932 3434 3035 3488 sub
3062 3447 3125 3488 ea
3172 3443 3357 3488 erant:
3409 3441 3469 3486 et
3499 3432 3657 3489 faeta
3694 3443 3763 3487 est
3784 3431 3817 3482 it

2265 3530 2480 3584 vineam
2511 3543 2787 3599 magnam,
2818 3535 2870 3580 et
2907 3524 3036 3580 fecit
3069 3525 3133 3597 (1)
3193 3525 3554 3598 propagines,
3594 3537 3651 3583 et
3677 3535 3812 3579 exten·

2264 3621 2343 3675 dit
2364 3621 2545 3691 virgas
2572 3636 2721 3674 suas.
2771 3619 2822 3672 7.
2843 3617 2909 3673 Et
2933 3617 3072 3671 faeta
3111 3628 3192 3673 est
3215 3617 3395 3686 aquila
3423 3619 3611 3674 altera
3642 3629 3813 3686 magni·

2266 3727 2459 3782 magna
2492 3713 2616 3778 alis,
2656 3711 2828 3765 multa
2863 3710 3177 3780 unguibus:
3212 3720 3265 3765 et
3291 3725 3421 3765 ecce
3448 3712 3589 3767 vitis
3618 3709 3811 3767 naein-

2264 3804 2463 3875 plicata
2499 3803 2565 3858 ad
2596 3819 2739 3867 eam,
2769 3813 2820 3857 et
2872 3804 3081 3856 radices
3108 3803 3227 3870 eius
3251 3801 3316 3856 ad
3355 3815 3477 3856 eam
3520 3813 3578 3858 et
3600 3799 3803 3874 palmites

2266 3911 2398 3952 suos
2421 3896 2610 3950 subter
2638 3910 2695 3949 se
2736 3894 2918 3949 emisit
2970 3895 3041 3959 ei,
3096 3904 3156 3949 ut
3186 3895 3434 3964 irrigaret
3462 3913 3589 3952 eam
3606 3897 3675 3966 (si
3698 3903 3801 3947 eum

2268 3987 2393 4042 bolo
2454 3988 2805 4057 plantationis
2862 4001 2994 4040 sua‘.
3056 3986 3109 4040 8.
3174 3983 3229 4039 ln
3281 4001 3481 4056 campo
3514 3989 3661 4044 buno
3684 3996 3809 4053 snper

2268 4095 2465 4152 aquam
2494 4081 2721 4135 multam
2758 4079 2869 4134 ltaec
2900 4079 3293 4150 impinguatur,
3323 4086 3382 4134 ut
3409 4081 3582 4136 faciat
3601 4081 3808 4150 virgulta.

2267 4182 2320 4226 et
2353 4184 2408 4226 ut
2431 4171 2621 4227 alferat
2678 4171 2939 4235 fructum,
2999 4180 3059 4224 ut
3116 4173 3189 4225 sit
3221 4173 3274 4226 in
3306 4173 3518 4228 vini-am
3576 4187 3807 4246 magnan-

2268 4265 2322 4319 9.
2354 4264 2585 4334 Propter
2612 4266 2715 4318 boe
2741 4265 2863 4316 dic:
2898 4263 3023 4318 {iaec
3050 4263 3407 4319 dicitAdonai
3443 4266 3810 4330 Dominusztx}

2269 4353 2326 4408 Si
2359 4356 2647 4424 dirigatur,
2679 4368 2863 4408 nonne
2893 4355 3106 4410 radices
3148 4358 3531 4412 teneritudinis
3589 4365 3746 4432 ejus.
3780 4362 3817 4410 et

2274 4446 2487 4500 fructus
2520 4445 2639 4511 ejus
2695 4448 3046 4513 putrescent?
3071 4457 3125 4503 et
3176 4461 3427 4504 arescent
3481 4455 3700 4518 omnia,
3726 4463 3817 4521 qut

598 4533 902 4587 versionem
943 4540 1089 4586 tuam
1122 4533 1175 4587 in
1207 4536 1389 4590 medio
1407 4552 1594 4592 earum
1623 4557 1637 4607 ;
1671 4540 1758 4595 54.
1786 4552 2040 4613 utportes
2054 4554 2166 4599 tor·
2202 4545 2245 4601 D
2276 4533 2614 4602 Pl'aevestium
2648 4535 2959 4604 ssefmist‘l'st
2985 4554 3049 4592 ΒΧ
3075 4553 3161 4603 ⁸³·
3199 4542 3265 4609 Χ
3290 4553 3539 4598 θῑθδθθῐῑῑ
3575 4545 3645 4615 2·
3672 4555 3819 4600 ‘lm

595 4630 1031 4688 mentumtuum,
1070 4625 1167 4692 (ml
1185 4635 1239 4679 et
1255 4630 1623 4687 contemneris
1650 4648 1713 4686 ex
1739 4635 1996 4689 omnibus
2014 4676 2029 4702 ,
2052 4651 2173 4704 quae

594 4712 796 4776 fecisti,
814 4714 880 4767 ad
902 4714 1222 4769 irritandum
1247 4732 1352 4770 me.
1374 4717 1464 4772 55.
1481 4717 1544 4773 Et
1565 4736 1722 4776 soror
1737 4732 1826 4776 tua
1848 4722 2176 4786 Sodoma,et

591 4805 717 4859 tiliae
748 4805 866 4875 ejus
886 4807 1255 4875 restituentur,
1293 4807 1434 4864 sicut
1458 4821 1618 4867 erant
1642 4828 1671 4866 a
1703 4813 2172 4883 principiozettu,

592 4906 649 4951 et
673 4896 795 4951 titiae
829 4908 935 4954 tuae
987 4901 1369 4964 restituemini,
1429 4903 1573 4957 sient
1612 4905 1780 4960 eratis
1821 4919 1851 4957 a
1881 4903 2172 4974 principio.

597 4988 687 5046 56.
717 4988 784 5044 Ει
810 4992 913 5048 nisi
948 4992 1144 5049 fuisset
1171 4992 1410 5049 Sodoma
1451 5010 1607 5050 soror
1628 5006 1719 5051 tna
1747 4998 1800 5050 in
1835 4996 2079 5049 anditum
2111 4997 2165 5052 in

593 5099 690 5140 ote
717 5091 832 5151 tuo,
857 5084 911 5141 in
937 5086 1130 5143 diebus
1150 5087 1423 5158 superbiae
1476 5095 1602 5153 tuae,
1635 5087 1724 5142 57.
1752 5097 2044 5159 antequam
2075 5105 2164 5145 re-

665 5247 892 5383 (άὸΤΙι.,
937 5257 991 5303 (·ι
1034 5249 1100 5303 ad
1131 5249 1267 5304 iram
1310 5249 1640 5318 provocabas
1689 5261 1796 5301 me.
1872 5249 1940 5320 (e)
1974 5247 2058 5314 8..
2103 5263 2157 5306 et
2205 5265 2313 5305 non
2362 5248 2461 5305 feci
2509 5248 2663 5318 juxta
2715 5248 3156 5310 abominationes
3189 5262 3334 5311 tuas.

2273 4625 2326 4678 in
2390 4624 2613 4680 brachio
2668 4642 2887 4699 magno,
2949 4647 3125 4701 neque
3182 4634 3237 4689 in
3280 4635 3476 4706 populo
3508 4640 3724 4705 multo,
3768 4632 3819 4690 ιδ

2270 4715 2613 4773 evellendum
2641 4735 2763 4775 eam
2812 4736 2843 4775 e
2883 4723 3163 4780 radicibus
3213 4727 3347 4783 suis.
3384 4727 3468 4781 to.
3497 4728 3572 4784 Et
3608 4729 3822 4787 ecceim·

2272 4810 2600 4882 pinguatur:
2663 4813 2929 4885 numquid
2990 4813 3306 4884 dirigetur?
3354 4816 3551 4876 Nonne
3597 4821 3822 4878 simulac

2274 4903 2513 4973 tetigerit
2536 4918 2655 4958 eam
2688 4913 2885 4960 ventus
2916 4905 3181 4974 uredinis,
3212 4919 3423 4964 arescet
3457 4909 3819 4982 ariditatem)

2272 5013 2398 5054 eum
2428 4997 2555 5053 bolo
2589 4998 2855 5070 germinis
2885 5009 3115 5056 arescet.
3153 5000 3242 5056 tt.
3271 5001 3335 5057 Et
3366 5005 3570 5059 factum
3620 5017 3707 5062 est
3728 5017 3823 5058 ver·

2271 5090 2402 5145 bum
2447 5086 2664 5145 Domini
2685 5089 2753 5144 ad
2782 5104 2888 5154 nie,
2921 5089 3109 5146 dicens
3135 5110 3149 5148 t
3216 5092 3307 5149 Ν.
3338 5092 3439 5150 Fili
3466 5095 3725 5164 bominis,
3752 5092 3819 5150 dir.

3411 5257 3432 5326 (
3512 5265 3569 5312 et
3604 5270 3816 5315 sorores.
3900 5241 3901 5280 ¹

763 5335 842 5372 uoe
870 5319 1244 5374 vendiderunt.
1320 5319 1395 5388 (Ιι)
1445 5319 1529 5385 8.,
1566 5330 1623 5373 ιιι
1647 5316 1888 5373 subeatis
1942 5319 2233 5390 judicium,
2284 5333 2388 5375 reae
2439 5321 2612 5385 estis,
2653 5333 2881 5389 quarum
2912 5324 3058 5380 enim
3102 5322 3157 5378 in
3204 5326 3413 5394 iudicio
3474 5326 3561 5384 tiae
3586 5327 3818 5385 videmini

676 5403 750 5439 avc
799 5391 1042 5454 obscura,
1084 5402 1130 5442 et
1185 5391 1462 5456 ivtcertum,
1510 5405 1612 5461 quo
1652 5389 1991 5456 pertineam).
2068 5392 2132 5460 (ι’)
2169 5390 2255 5456 8.,
2308 5404 2529 5445 manum
2563 5401 2693 5443 vero
2746 5393 2969 5462 pauperi
3016 5401 3073 5449 et
3112 5408 3286 5464 egeno
3321 5411 3429 5452 nnn
3474 5399 3815 5470 porrigebant.

596 5455 670 5537 tlt)
689 5454 772 5520 8.,
800 5459 961 5512 etiam
1002 5470 1058 5514 tu
1094 5462 1279 5530 itaque
1300 5470 1451 5530 porta
1480 5466 1736 5531 pudorem
1774 5467 1949 5541 tuum,
1979 5460 2123 5516 sicut
2151 5460 2369 5541 quidem
2395 5457 2663 5528 superasti
2696 5474 2914 5518 sorores
2934 5473 3056 5519 tuas
3093 5465 3331 5550 peccatis
3360 5466 3487 5523 tuis.
3565 5466 3629 5538 (t)
3664 5466 3742 5530 8..
3772 5475 3818 5520 et

598 5529 850 5579 tiliarum.
932 5529 1026 5600 (m)
1059 5528 1140 5592 8.,
1187 5540 1242 5586 et
1270 5531 1558 5586 erubesces
1591 5544 1690 5600 pro
1737 5530 1992 5584 omuibus
2043 5547 2165 5600 quai
2198 5530 2396 5594 fecisti,
2436 5528 2731 5585 consolans
2760 5545 2874 5586 eas.
2951 5532 3029 5604 (η)
3072 5532 3156 5591 8..
3227 5533 3660 5594 abominationes
3693 5547 3813 5594 tuas.

598 5597 672 5664 (ο)
699 5594 860 5677 8.,.ει
894 5611 1018 5652 cum
1061 5600 1114 5653 in
1143 5604 1459 5656 memoriam
1492 5599 1829 5656 revocaveris
1849 5600 1962 5654 vias
2009 5609 2152 5664 tuas,
2179 5598 2545 5672 reprehendes
2584 5600 2944 5671 temetipsam.
3021 5602 3098 5674 (p)
3140 5603 3261 5667 rte..
3303 5607 3574 5676 capitella.

599 5677 939 5720 summitates
973 5683 1270 5724 ramorum.
1298 5669 1417 5732 ΤΙι..
1459 5673 1709 5741 virgulta.
1790 5670 1860 5738 (r)
1891 5668 1973 5732 S..
2009 5672 2062 5726 in
2092 5672 2227 5726 urbe
2273 5667 2618 5724 mercatoria.
2657 5668 3177 5735 Th.,adducentium
3208 5676 3477 5732 sarcinas.
3552 5679 3624 5748 (s)

3650 5609 3726 5741 (ἐξ).
3742 5603 3811 5728 ἧς

601 5738 819 5806 regione
847 5747 982 5802 sata,
1015 5737 1079 5790 ad
1110 5743 1432 5807 capiendum
1452 5743 1759 5795 lirntitatem
1778 5740 1978 5795 radicis
2007 5757 2170 5812 super
2190 5754 2384 5812 aquas.
2464 5737 2528 5809 (t)
2561 5734 2646 5803 8.,
2675 5742 2902 5797 radices.
2980 5743 3059 5814 (ιι)
3089 5740 3258 5808 S.‚ex
3291 5754 3569 5802 structura
3624 5749 3807 5820 planta·

604 5811 765 5865 tionis
822 5825 951 5866 suae.
997 5806 1112 5874 Th..
1141 5823 1202 5862 ex
1237 5811 1435 5878 phiala.
1471 5885 1514 5918 ο

1515 5815 1590 5880 (s)
1623 5809 1704 5869 S..
1732 5827 1860 5866 num
1890 5815 2229 5868 extendatur.
2306 5809 2382 5881 (y)
2416 5805 2501 5875 8.,
2530 5821 2656 5866 cuni
2694 5819 2903 5865 natura.
