3967 6217
259 383 400 440 2765

1413 385 1827 448 nsszssctELts
1864 391 2098 454 CAPUT
2137 395 2364 454 XLvtn.

3367 401 3509 456 2766

258 504 400 560 inter
428 499 693 559 terminos
720 500 1025 575 Beniamin,
1055 503 1215 562 ducis
1262 505 1388 562 erit.
1414 505 1505 563 2³.
1536 505 1604 562 Et
1640 521 1833 577 super·
1864 518 1911 576 Α
1940 521 2137 583 quater
2175 512 2325 569 mille
2366 520 2422 568 et
2460 513 2743 585 quingenti
2773 530 3056 572 mensura.
3086 515 3176 573 st.
3222 518 3288 573 Et
3343 528 3516 589 portae

259 591 428 648 tluum
462 594 732 662 tribuum,
765 594 835 651 ab
875 595 961 651 bis
988 611 1110 667 quat
1140 597 1207 652 ad
1254 598 1522 654 orientem
1559 611 1736 668 usque
1765 597 1836 654 ad

259 702 321 744 aa
352 702 477 759 quae
500 688 568 745 ad
597 705 770 755 mare,
804 689 1110 763 Beniamin,
1141 709 1268 750 una.
1313 693 1407 748 24.
1437 693 1507 749 Et
1530 709 1560 748 a
1590 694 1836 751 terminis

260 775 565 846 Beniamin,
591 779 663 834 ab
685 778 770 835 bis
798 795 922 851 quae
941 780 1010 837 ad
1036 782 1302 836 orientem
1334 796 1509 852 usque
1536 782 1605 838 ad
1629 797 1693 837 ea
1714 798 1836 854 quae

259 866 328 923 ad
358 884 537 937 mare,
574 869 797 927 Simeon
866 887 1000 928 una.
1031 870 1123 927 25.
1155 871 1222 926 Et
1249 888 1280 927 a
1305 872 1555 929 terminis
1583 869 1833 941 Simeon,

259 959 332 1018 ab
360 961 447 1018 bis
471 977 595 1034 quae
628 965 696 1020 ad
726 963 991 1020 orientem
1018 979 1195 1036 usque
1229 963 1297 1019 ad
1322 979 1387 1020 ea
1415 979 1538 1034 quae
1562 964 1631 1019 ad
1664 979 1835 1032 mare,

263 1053 530 1122 issachar,
565 1069 695 1111 una.
745 1056 838 1111 26.
879 1057 946 1112 Et
983 1071 1015 1112 a
1054 1056 1305 1112 terminis
1346 1054 1614 1121 issachar,
1643 1056 1714 1112 ab
1751 1057 1839 1114 his

264 1160 386 1217 quae
405 1146 472 1201 ad
493 1147 757 1204 orientem
783 1164 955 1220 usque
971 1149 1036 1204 ad
1058 1163 1121 1203 ea
1144 1164 1266 1219 quae
1285 1148 1352 1204 ad
1379 1163 1549 1215 mare,
1571 1147 1836 1214 zabulon,

263 1250 394 1292 una.
429 1236 519 1293 27.
565 1236 633 1292 Et
677 1254 707 1293 a
754 1238 1004 1295 terminis
1036 1237 1319 1307 Zabulon,
1360 1239 1430 1295 ab
1485 1237 1570 1295 itis
1606 1255 1730 1310 quae
1771 1239 1841 1295 ad

265 1325 528 1384 orientem
555 1345 731 1400 usque
758 1330 825 1385 ad
854 1345 916 1385 ea
940 1345 1063 1401 quae
1084 1330 1151 1386 ad
1185 1344 1336 1386 mare
1355 1370 1370 1392 ‚
1395 1327 1533 1394 Gad,
1567 1346 1698 1387 una.
1745 1329 1837 1385 28.

268 1416 335 1473 Et
364 1433 395 1474 a
427 1421 675 1478 terminis
697 1420 813 1478 Gad
845 1438 1021 1494 usque
1042 1422 1108 1479 ad
1140 1438 1206 1479 ea
1228 1437 1353 1494 quae
1375 1422 1443 1477 ad
1473 1428 1721 1477 austrum
1748 1439 1762 1477 ε
1789 1428 1844 1476 et

267 1520 428 1568 erunt
456 1514 671 1570 termini
708 1513 828 1585 eius
872 1532 905 1571 a
939 1515 1224 1580 Tbaeman,
1256 1514 1330 1587 (b)
1373 1524 1427 1569 et
1458 1513 1526 1570 ab
1555 1528 1698 1584 aqua
1729 1511 1843 1567 Ma-

266 1602 446 1660 ribotb
481 1606 657 1662 Gades
681 1646 699 1674 ,
752 1605 1040 1663 baereditas
1075 1621 1252 1677 usque
1281 1605 1348 1660 ad
1380 1619 1530 1660 mare
1558 1618 1841 1674 magnum.

265 1694 363 1755 29.
407 1697 535 1753 naec
563 1705 704 1752 terra
725 1735 741 1760 ,
772 1711 937 1766 quam
982 1696 1209 1752 mittetis
1238 1697 1292 1752 in
1322 1696 1641 1752 haereditate
1670 1695 1847 1750 tribu-

270 1786 376 1841 bus
401 1786 619 1842 israelis
643 1803 657 1841 ε
682 1794 738 1841 et
757 1787 839 1842 bae
864 1786 1158 1843 divisiones
1180 1802 1389 1852 earum,
1419 1787 1552 1842 dieit
1583 1785 1848 1841 Dominus

276 1872 441 1931 Deus.
481 1874 572 1930 30.
619 1875 681 1931 Et
713 1877 796 1932 hoe
832 1879 1023 1948 plateae
1048 1878 1202 1934 urbis
1238 1893 1360 1950 quae
1395 1879 1461 1933 ad
1517 1878 1831 1949 aquilonem

1936 605 2093 661 urbis
2120 620 2285 676 super
2316 606 2631 661 nominibus
2654 606 2898 662 tribuum
2927 606 3144 664 israelis
3168 627 3182 662 ι
3212 619 3380 679 portae
3407 617 3516 666 tres

1936 711 2061 765 quae
2092 695 2159 752 ad
2213 696 2523 767 aquilonem
2549 736 2592 762 ‚.
2618 705 2773 768 porta
2821 698 3032 765 Rubel,
3066 716 3174 755 uua
3210 718 3225 756 z
3266 710 3316 755 et
3362 707 3515 771 porta

1941 786 2117 855 Judae,
2155 805 2261 845 una
2292 808 2305 846 ε
2342 800 2396 845 et
2440 799 2597 861 porta
2640 790 2801 857 Levi,
2849 808 2978 856 una.
3023 792 3114 848 52.
3170 793 3235 847 Et
3275 808 3397 863 quae
3449 792 3517 848 ad

1938 880 2222 947 orientem,
2249 890 2443 951 quater
2473 882 2621 936 mille
2640 890 2696 938 et
2725 884 3006 954 quingenti
3033 904 3047 940 ε
3080 893 3138 942 et
3175 894 3346 956 portae
3372 893 3515 950 tres,

1937 980 2095 1042 porta
2122 969 2321 1042 Joscpb
2347 1012 2363 1037 ,
2410 989 2517 1028 una
2547 990 2561 1027 ε
2595 985 2650 1031 et
2690 984 2847 1046 porta
2892 976 3178 1048 Beniamin
3199 1018 3214 1044 ,
3269 994 3377 1033 una
3410 998 3423 1033 ε
3466 987 3521 1033 et

1938 1069 2095 1133 porta
2144 1060 2293 1126 Dan,
2334 1078 2463 1119 una.
2492 1065 2583 1120 55.
2617 1066 2681 1120 Et
2713 1059 2836 1138 quie
2881 1069 2947 1124 ad
3000 1078 3286 1132 austrum,
3331 1076 3523 1137 quater

1941 1152 2091 1209 mille
2127 1161 2183 1208 ct
2218 1152 2500 1225 quingenti
2528 1172 2787 1213 mensura
2823 1175 2838 1213 ε
2873 1167 2927 1214 et
2967 1167 3138 1229 portat
3192 1167 3320 1222 tres,
3372 1167 3523 1229 porta

1943 1244 2195 1310 Simeon,
2230 1260 2338 1299 una
2370 1264 2384 1301 ε
2416 1256 2574 1316 porta
2607 1246 2876 1316 issachar,
2917 1267 3024 1305 una
3075 1269 3090 1306 z
3137 1259 3300 1322 porta
3342 1248 3525 1304 Zabu-

1943 1339 2067 1403 lon,
2125 1353 2255 1393 una.
2304 1338 2374 1394 54
2415 1337 2483 1392 Et
2535 1353 2660 1409 quae
2709 1339 2776 1394 ad
2815 1355 3001 1407 mare,
3046 1352 3239 1411 quater
3284 1340 3434 1396 mille
3473 1348 3524 1394 et

1944 1429 2225 1500 quingenti
2273 1444 2533 1486 mensura
2568 1449 2581 1484 :
2621 1439 2794 1500 portae
2840 1440 2973 1498 tres,
3015 1441 3171 1502 porta
3200 1432 3338 1496 Gad,
3372 1447 3524 1487 unat

1948 1536 2013 1578 -t-
2049 1530 2103 1577 et
2140 1520 2163 1592 2
2192 1530 2344 1591 porta
2380 1522 2567 1589 Asser,
2607 1539 2712 1578 una
2745 1540 2759 1575 ε
2793 1537 2856 1579 ÷
2886 1532 2941 1579 et
2967 1525 2990 1594 ζ
3020 1534 3170 1594 porta
3188 1522 3482 1593 Nepirtnali
3510 1562 3527 1585 ,

1948 1629 2079 1668 una.
2137 1613 2228 1669 55.
2288 1613 2599 1681 Circuitus,
2636 1615 2941 1671 octodecim
2995 1615 3206 1670 millia:
3243 1626 3298 1670 et
3329 1631 3529 1670 nomeu

1950 1706 2128 1772 urbis,
2156 1704 2228 1778 (c)
2273 1721 2303 1761 a
2330 1707 2418 1762 die
2440 1722 2553 1778 quo
2582 1706 2724 1763 iacta
2754 1706 2917 1763 l'uerit
2938 1747 2955 1775 ,
2995 1707 3261 1764 Dominus
3295 1708 3393 1774 ibi,
3425 1705 3530 1763 erit

1950 1814 2155 1855 nomen
2184 1797 2325 1870 ejus.

347 2077 422 2150 (b)
468 2078 554 2148 S.,
579 2080 634 2135 in
674 2096 816 2151 aqua
840 2080 1311 2138 contradictionis.
1390 2080 1462 2152 (c)
1494 2080 1578 2146 S.,
1610 2081 1680 2136 ab
1711 2080 1803 2135 ilio
1831 2080 1919 2135 die
1946 2078 2211 2134 Dominus
2234 2077 2333 2134 ibi.
2370 2077 2490 2142 ΤΙι..
2517 2078 2605 2133 die
2632 2092 2734 2133 suo
2766 2077 2981 2141 Domini
3014 2092 3210 2132 nomeu
3244 2078 3340 2133 ibi.

1436 2475 1516 2537 IN
1558 2470 1946 2535 DANIELEM
1987 2468 2368 2531 MoNtTUM.

350 2656 370 2692 ι
413 2636 694 2696 Lectorem
740 2641 1028 2706 admoneo,
1068 2643 1263 2712 (inquil
1287 2639 1643 2712 Hieronymus
1673 2638 1886 2709 μναῖαι.
1920 2638 1975 2691 in
2018 2634 2182 2703 Dan.)
2218 2632 2493 2715 Danielem
2521 2648 2628 2689 non
2659 2633 2817 2704 juxta
2848 2632 2991 2717 ¹<XX
3017 2704 3030 2718 ·
3057 2632 3406 2717 interpretes,
3442 2635 3539 2691 scd

272 2708 428 2781 juxta
459 2708 889 2768 'theodotionem
909 2711 1180 2768 Ecclesias
1203 2713 1401 2783 legere,
1431 2712 1524 2779 qui
1552 2712 1740 2779 utique
1765 2717 1889 2779 post
1924 2706 2223 2761 adventum
2243 2705 2446 2778 Christi
2474 2703 2787 2760 incredulus
2818 2703 2963 2759 suit:
2992 2704 3121 2761 lieet
3148 2719 3275 2786 eum
3314 2704 3541 2775 quidam

275 2781 463 2834 dicant
493 2779 821 2849 Ebionitam,
851 2784 944 2851 qui
978 2783 1150 2837 altero
1192 2796 1388 2851 genere
1413 2778 1636 2835 Judaeus
1660 2789 1764 2834 est.
1796 2777 1903 2834 Sed
1929 2784 1985 2832 et
2014 2774 2277 2845 Origenes
2310 2774 2378 2830 de
2412 2771 2804 2830 'theodotionis
2859 2790 3024 2845 opere
3058 2774 3122 2857 in⁸
3135 2774 3374 2829 editione.
3413 2774 3539 2856 Vul-

274 2857 402 2920 gata
440 2852 733 2907 asteriscos
772 2853 978 2920 posuit,
1016 2852 1219 2907 docens
1251 2849 1494 2920 defuisse
1532 2864 1655 2920 quae
1678 2847 1861 2903 addita
1898 2856 2068 2912 suut;
2120 2852 2176 2899 et
2220 2859 2415 2900 rursus
2453 2844 2719 2914 quosdam
2759 2860 2951 2900 versus
2982 2844 3156 2900 obelis
3194 2853 3536 2914 praenotavit,

277 2918 558 2989 superflua
590 2935 820 2992 quaeque
852 2922 1167 2992 designans.
1190 2920 1441 2991 Cumque
1473 2933 1667 2974 omnes
1690 2917 1897 2974 Christi
1942 2915 2206 2971 Ecclesiae
2245 2922 2357 2969 tam
2391 2912 2729 2981 Graecorum,
2769 2930 2933 2985 quam
2975 2913 3322 2979 Latinorum,
3365 2913 3539 2995 Syro-

275 3001 513 3058 rumque
532 2996 587 3044 et
621 2989 995 3061 AEgyptiorum
1033 2993 1173 3045 itanc
1193 2992 1294 3045 sui»
1321 2990 1599 3045 asteriscis
1618 2995 1673 3043 et
1699 2988 1872 3044 obelis
1923 2985 2219 3042 editionem
2253 2985 2467 3053 legant3
2512 2984 2795 3065 ignoscant
2834 2985 3001 3040 invidi
3038 2984 3213 3066 labori
3255 2998 3538 3065 me⁰‚‚q⁸!

277 3056 426 3111 volui
464 3057 667 3113 babere
707 3067 925 3115 nostros
950 3061 1094 3130 quod
1118 3059 1291 3115 Graeci
1316 3059 1370 3113 in
1401 3059 1609 3127 Aquilae
1640 3056 2111 3113 et't'heodotionis
2141 3068 2205 3109 ac
2240 3052 2557 3125 Symmactn
2610 3055 2944 3135 editionibus
2999 3054 3265 3109 lectitant.
3293 3053 3434 3112 Etsi
3461 3053 3538 3134 titi

279 3125 335 3179 in
365 3127 533 3181 tantis
569 3127 772 3184 divitiis
799 3130 1178 3186 doctrinarum
1211 3144 1322 3185 non
1366 3136 1732 3182 contemnunt
1760 3127 1938 3182 studia
1969 3125 2253 3179 hominum
2302 3122 2615 3177 iudaeorum
2643 3140 2658 3188 ;
2705 3138 2801 3177 eur
2842 3123 3005 3178 launa
3071 3139 3138 3177 au
3179 3133 3325 3179 ertas
3358 3122 3543 3192 despu-

279 3198 389 3249 ciat
421 3194 696 3253 bominem
722 3197 1118 3259 Christianum,
1149 3200 1310 3268 cujus
1344 3196 1390 3252 si
1416 3212 1555 3263 opus
1578 3196 1887 3266 displiceat.
1920 3203 2073 3249 certe
2110 3192 2365 3248 voluntas
2420 3191 2730 3260 recipienda
2770 3193 2892 3246 est?
2932 3212 2951 3245 ι
3046 3207 3123 3248 oee

3199 3194 3537 3263 ieronymuS.

279 3263 440 3332 cujus
473 3276 745 3347 postrema
787 3269 951 3324 rerba
981 3284 1089 3324 non
1129 3277 1317 3322 carent
1349 3265 1682 3328 difficultate,
1738 3279 1861 3333 qum
1894 3262 1950 3316 in
1974 3261 2447 3317 Praeiiminaribus
2498 3260 2934 3342 excussam-Cum
2989 3270 3193 3342 autem.
3225 3272 3284 3318 ut
3321 3263 3417 3344 iiie
3435 3262 3539 3325 ait,

278 3332 539 3390 Ecclesiae
568 3334 865 3402 Danielem,
886 3353 993 3392 non
1017 3336 1321 3394 secuudum
1346 3333 1511 3399 LXX,
1541 3334 1635 3389 sed
1664 3333 1966 3388 seeundum
1987 3329 2416 3386 Titeodotionem
2440 3330 2701 3398 legerent,
2727 3330 2816 3384 bic
2836 3332 3061 3400 contigit
3084 3341 3142 3386 ut
3159 3333 3327 3387 editio
3350 3348 3460 3384 των
3484 3332 3542 3410 Q·

278 3416 509 3471 prorsus
533 3405 816 3469 exciderit,
848 3415 902 3461 et
926 3406 1322 3462 Theodotionis
1383 3404 1498 3458 sola
1553 3403 1894 3458 remanserit.
1964 3400 2154 3456 Varias
2198 3409 2380 3455 autem
2405 3399 2665 3456 lectiones
2690 3407 2745 3456 et
2767 3397 3255 3471 interpretationes
3298 3409 3534 3456 mutuati

282 3484 479 3526 sumus
505 3487 570 3526 ex
603 3473 885 3528 codicibus
914 3485 969 3528 et
1001 3475 1158 3529 libris
1189 3488 1424 3542 quorum
1460 3473 1767 3541 catalogum
1811 3471 2160 3541 subjicimus.

355 3539 535 3594 Codex
572 3539 762 3612 Regius
786 3540 833 3595 Χ
843 3541 938 3596 111
968 3543 1149 3599 soeculi
1189 3543 1337 3597 tomo
1377 3544 1548 3608 cinus,
1579 3543 1670 3613 qui
1707 3551 1784 3596 est
1819 3552 2005 3597 catena
2035 3542 2092 3594 in
2120 3543 2400 3610 prophetas
2431 3557 2629 3603 omnes.
2662 3540 2726 3595 de
2751 3556 2852 3625 φφ
2876 3541 2932 3595 in
2963 3542 3178 3597 monilis
3210 3558 3394 3613 supra.

361 3607 542 3663 codex
565 3611 963 3682 antiquissimus
1001 3611 1084 3667 IX
1121 3613 1301 3669 saecnli

357 3674 621 3734 Eusebius
644 3681 700 3735 in
731 3680 1188 3737 Demonstratione
1217 3683 1563 3753 Evanqelica.

1380 3611 1869 3680 att-Germanensis,
1905 3613 2031 3668 olim
2049 3609 2416 3679 Corbeiensis,
2459 3609 2771 3684 Hieronymi
2802 3628 2859 3666 tn
2883 3611 3175 3669 Danielem.

357 3745 593 3805 Ioannes
618 3749 1019 3824 chrysostomus
1054 3754 1108 3807 in
1142 3753 1410 3808 Danielem
1442 3757 1611 3809 editus
1639 3770 1672 3809 a
1699 3752 1962 3809 Colelerio
2004 3769 2144 3807 anno
2167 3750 2328 3808 ¹661.

357 3816 712 3890 Hieronymus
739 3824 793 3875 in
826 3819 1098 3876 Danielem
1126 3825 1299 3878 editus
1326 3842 1359 3878 a
1378 3823 1588 3880 Ioanne
1616 3823 1936 3880 Martianoeo
1956 3838 2162 3879 nostro.

359 3885 714 3944 Tleeocloretna
744 3892 798 3945 in
831 3891 1121 3948 Danielem.

355 3955 737 4031 polychronius
771 3976 837 4015 ea:
857 3959 1092 4016 Catenis.

354 4027 654 4084 chronicon
681 4030 1127 4087 Alexandrinum.

353 4093 622 4154 Editionia
654 4099 905 4155 Romanor
930 4110 979 4154 el
1011 4100 1192 4155 Drusii
1217 4111 1377 4156 notae.

326 4160 587 4234 [Textum
616 4168 758 4223 Lxx
790 4169 1016 4237 Senum,
1047 4169 1173 4225 item
1234 4172 1494 4225 enuinum
1532 4167 1924 4224 Tbeodotionis
1947 4208 1963 4233 ,
1990 4166 2355 4237 praemisimus
2379 4182 2447 4223 ex
2470 4167 2709 4225 editione
2736 4166 3009 4224 vincentii
3042 4163 3111 4222 de
3142 4164 3403 4239 Regibus,
3444 4187 3538 4241 qvi

286 4240 576 4308 utrumqne
598 4238 886 4310 descripsit
909 4254 940 4294 e
971 4240 1160 4295 codice

1241 4240 1471 4295 bisiauo.
1501 4238 1638 4293 Cum
1656 4246 1837 4292 autem
1858 4239 2190 4308 reliquorum
2210 4237 2568 4307 interpretum
2606 4239 2887 4294 versiones
2887 4236 3232 4365 dpierumque
3259 4239 3537 4304 delirium,

281 4311 339 4357 et
362 4303 488 4359 inde
519 4307 728 4377 paginae
754 4308 919 4365 nimis
939 4325 1124 4365 vacuae
1149 4322 1393 4366 evasurae
1411 4312 1542 4372 sint,
1575 4308 1868 4363 statuimus
1892 4306 2091 4362 librum
2132 4305 2375 4363 Danielis
2415 4310 2604 4364 eadem
2642 4307 2819 4365 forma
2855 4323 2886 4365 e

282 4367 598 4433 iaueonius.
637 4376 676 4432 i.
711 4392 787 4447 e.,
817 4379 1079 4435 continua
1111 4381 1252 4437 serie
1279 4380 1488 4451 absque
1514 4377 1902 4434 distributione
1922 4393 2019 4449 per
2039 4376 2348 4435 columnas·
2375 4377 2623 4454 nalem]

2924 4323 3017 4365 ere
3052 4323 3161 4387 qua
3198 4310 3349 4366 dedit
3363 4308 3540 4364 Monat-
