3967 6217
61 379 242 434 27ss

1302 364 1710 424 nemen-:us
1746 365 1977 423 CAPUT
2017 363 2259 422 XXXVI.

3252 369 3395 427 2719.

65 485 318 560 caligo,
350 492 408 540 et
436 481 616 541 nubes
645 480 728 556 (at)
757 482 811 538 iu
843 480 1027 539 medio
1052 481 1237 538 ovium
1278 480 1401 551 ejus
1421 490 1697 551 separata·
1733 485 1782 545 Α
1811 494 2001 536 eorum
2034 483 2101 551 Χ
2128 495 2254 536 cum
2295 479 2379 535 eis
2416 480 2464 550 ζ.
2493 489 2548 535 et
2590 479 2663 535 illi
2698 480 2934 552 populus
2963 497 3120 539 meus
3149 501 3164 537 ε
3196 481 3396 539 domus

73 593 262 642 rum,
307 576 392 633 sic
416 573 692 647 requiram
715 587 851 629 oves
869 587 1038 637 meas,
1067 571 1144 644 (9)
1171 581 1227 627 et
1251 570 1480 641 eripiam
1512 583 1608 626 eas
1642 583 1709 625 ex

75 668 268 728 omni
311 668 456 732 loco,
485 680 596 739 quo
638 666 904 736 dispersze
947 672 1078 720 sunt
1107 662 1237 718 illue
1266 661 1323 717 in
1345 661 1436 717 die
1466 660 1630 718 nubis
1657 669 1713 717 et

83 760 402 833 caliginis.
445 757 532 814 13.
565 756 633 813 Et
666 757 898 813 educant
928 769 1025 811 ens
1054 769 1122 810 ex
1153 752 1430 825 gentibus,
1457 761 1513 808 et
1561 752 1718 807 colli-

91 868 244 924 gam
270 864 372 906 eos
400 863 467 904 ex
491 847 832 920 regionibus,
859 856 916 902 et
940 846 1290 903 introducam
1309 859 1407 901 eos
1437 845 1492 900 in
1509 854 1712 900 terram

94 959 306 1010 stiam,
345 950 400 997 ct
437 955 657 1012 pascam
683 954 782 996 eos
827 952 992 1010 super
1025 946 1242 996 montes
1278 936 1520 1001 israelis,
1563 945 1616 991 et
1656 935 1713 991 in

101 1033 386 1096 vallibus,
402 1042 458 1087 ct
487 1030 540 1084 in
564 1028 715 1085 omni
744 1027 1086 1085 habitatione
1103 1035 1296 1084 terrae:
1325 1026 1414 1082 14.
1434 1027 1489 1082 in
1511 1039 1715 1097 pascuo

98 1124 272 1180 bono
334 1137 562 1195 pascam
611 1135 728 1188 eos,
783 1120 839 1175 in
878 1128 1063 1176 monte
1104 1118 1326 1174 excelso
1372 1116 1614 1181 Israelis,
1659 1123 1718 1172 et

98 1223 288 1272 erunt
344 1214 516 1272 caulae
558 1228 753 1270 eorum
799 1211 900 1277 ibi,
941 1224 1005 1268 -t-
1059 1222 1114 1269 et
1160 1211 1457 1275 dormient,
1483 1217 1539 1266 et
1578 1209 1711 1281 tbi:

103 1306 482 1378 requiescent
515 1306 571 1362 in
613 1302 828 1361 deliciis
878 1304 1061 1369 bonis,
1100 1304 1236 1360 etin
1284 1316 1496 1374 pascuo
1524 1298 1715 1373 pingui

109 1407 433 1470 pascentur
453 1411 620 1468 super
653 1396 933 1452 montibus
958 1394 1193 1452 israelis.
1217 1394 1306 1450 15.
1344 1393 1460 1467 Ego
1486 1406 1715 1464 pascam

114 1505 264 1548 oves
298 1506 474 1554 meas,
509 1500 566 1546 et
606 1504 709 1562 ego
746 1488 946 1548 faciam
997 1487 1346 1558 requiescere
1381 1500 1497 1553 eas,
1548 1497 1614 1542 -t-
1662 1492 1718 1542 et

116 1579 333 1645 scient,
359 1578 508 1651 quod
538 1593 641 1650 ego
673 1594 797 1637 sum
820 1577 1089 1635 Dominus
1120 1578 1145 1647 ζ
1187 1596 1201 1633 :
1234 1575 1508 1634 haecdicit
1528 1574 1716 1632 Domi-

122 1688 237 1730 nus
272 1671 564 1730 Dominus.
590 1670 854 1739 &Quod
883 1670 1141 1741 perierat,
1163 1669 1467 1741 requiram,
1497 1678 1554 1723 et
1566 1666 1717 1739 quod

124 1765 380 1831 errabat,
415 1762 702 1829 reducam,
734 1773 791 1820 et
843 1764 992 1835 quod
1034 1761 1409 1827 confractum,
1457 1758 1714 1830 alligabo,

1814 570 2059 636 Israelis,
2098 571 2232 627 dicit
2264 568 2532 626 Dominus
2566 570 2849 626 Dominus.
2885 571 2975 628 3¹.
3029 570 3095 627 Et
3124 586 3224 629 ves
3267 588 3398 630 oves

1813 675 1970 726 mere.
2020 669 2078 716 et
2103 676 2234 718 oves
2267 662 2448 731 gregis
2505 661 2635 728 mei,
2689 663 2756 730 Χ
2784 661 3034 718 homines
3075 661 3212 717 estis
3247 662 3298 732 ζ,
3343 673 3401 716 et

1813 767 1916 823 ego
1944 752 2211 811 Dominus
2240 752 2386 810 Deus
2410 763 2611 820 vester,
2641 752 2772 809 dicit
2801 754 3065 811 Dominus
3106 752 3396 810 Dominus.

1886 842 2025 913 Cap.
2070 841 2294 901 XXXV.
2337 873 2410 886 ·-
2443 843 2492 900 1.
2542 843 2719 916 Super
2770 843 2912 901 Scir.
2951 844 3018 901 Et
3058 844 3264 902 factum
3315 854 3402 902 est

1814 932 2047 989 verbum
2096 933 2314 990 Domini
2353 938 2421 991 ad
2465 951 2574 999 me,
2625 936 2815 993 dicens
2850 956 2863 992 ε
2894 937 2950 991 2.
2998 934 3103 992 Fili
3134 936 3399 1000 bominis,

1815 1033 2079 1083 converte
2107 1025 2303 1081 faciem
2356 1035 2505 1082 tuam
2549 1042 2716 1099 super
2743 1037 2982 1085 montem
3017 1028 3159 1095 Seir,
3189 1037 3244 1085 et
3273 1041 3403 1100 pro—

1815 1117 1980 1189 pbeta
2001 1131 2169 1189 super
2195 1131 2345 1184 eum,
2386 1117 2441 1173 ὅ.
2475 1126 2531 1174 et
2560 1117 2650 1175 die
2685 1118 2737 1176 ei
2768 1137 2782 1175 ε
2819 1119 2948 1175 Haec
2974 1120 3110 1177 dicit
3131 1119 3403 1177 Dominus

1817 1209 2093 1267 Dominus
2124 1227 2141 1265 ι
2174 1208 2315 1266 Ecce
2337 1224 2442 1281 ego
2472 1225 2638 1281 super
2672 1221 2742 1279 te,
2769 1226 2931 1267 mons
2964 1211 3106 1279 Seir,
3137 1225 3189 1268 et
3212 1221 3404 1268 exten-

1815 1301 1942 1358 dam
1972 1316 2200 1358 manum
2241 1315 2420 1357 meam
2470 1315 2638 1371 super
2674 1310 2746 1368 te,
2784 1312 2838 1358 et
2869 1302 3010 1358 dabo
3038 1313 3090 1359 te
3125 1303 3193 1373 (s)
3216 1303 3404 1359 deser-

1820 1404 1954 1464 tum,
1991 1404 2048 1452 et
2079 1393 2387 1451 vastaberis
2423 1413 2437 1450 :
2462 1392 2518 1451 t.
2545 1403 2599 1449 et
2629 1395 2685 1450 in
2712 1396 2943 1452 urbibus
2974 1396 3082 1453 tuis
3110 1396 3407 1452 desolatio-

1816 1501 1944 1543 nem
1972 1484 2197 1552 faciam,
2229 1493 2285 1541 et
2312 1492 2369 1540 tu
2398 1483 2674 1540 desertum
2705 1486 2836 1551 eris,
2860 1495 2915 1540 et
2944 1485 3105 1550 scies,
3131 1485 3278 1557 quod
3305 1501 3408 1556 ego

1819 1593 1945 1635 sum
2002 1576 2292 1634 Dominus.
2337 1576 2391 1633 5.
2431 1576 2543 1630 Pro
2587 1591 2654 1632 eo
2708 1575 2853 1647 quod
2903 1575 3072 1633 fueris
3119 1576 3407 1633 inimicitia

1821 1670 2181 1741 sempiterna,
2214 1668 2290 1741 (9)
2320 1675 2376 1723 et
2396 1667 2608 1724 sederis
2646 1667 2700 1723 in
2723 1667 2889 1724 domo
2917 1667 3140 1725 israelis
3168 1667 3223 1724 in
3254 1667 3406 1730 dolo.

1818 1760 1874 1818 in
1899 1775 2067 1817 manu
2095 1760 2444 1817 inimicorum
2474 1759 2688 1832 gladius
2720 1759 2775 1815 in
2818 1771 3063 1834 tempore
3095 1758 3413 1817 afflictionis

128 1861 190 1909 et
227 1853 382 1922 quod
414 1852 776 1920 imbecillum,
810 1851 1203 1919 corroborabo,
1244 1854 1313 1920 Χ
1343 1857 1403 1906 et
1427 1847 1576 1921 quod
1602 1849 1724 1922 pin·
1755 1837 1798 1897 Β
1825 1845 2038 1919 eorum,
2089 1852 2146 1908 in
2198 1861 2447 1924 tempore
2497 1850 2574 1924 (Ιι)
2625 1850 2930 1922 injustitiae,
2980 1852 3046 1907 ad
3093 1849 3257 1907 finem
3290 1867 3308 1907 t
3352 1849 3407 1905 6.

133 1961 244 2015 goe
280 1947 332 2017 ζ.
377 1953 436 2000 et
472 1944 619 2017 quod
664 1944 824 2012 sorte,
860 1944 1194 2011 custodiam,
1239 1954 1296 2001 ct
1342 1957 1567 2015 pascam
1626 1958 1758 2018 eas„

138 2055 269 2096 cum
313 2039 549 2110 judicio.
590 2041 678 2098 17.
708 2038 779 2096 Et
803 2054 927 2107 vos,
953 2054 1086 2097 oves
1119 2053 1273 2103 meae,
1306 2039 1427 2094 lure
1451 2039 1585 2095 dicit
1615 2038 1724 2094 Do-

139 2130 334 2185 minus
363 2127 671 2186 Dominus:
701 2143 831 2185 ecce
857 2143 961 2199 ego
989 2127 1306 2197 diiudicabo
1330 2127 1474 2183 inter
1494 2141 1649 2182 ovem
1674 2135 1730 2183 et

139 2231 324 2284 nvem,
351 2216 585 2272 arietum
612 2225 669 2272 et
695 2216 997 2274 hircorum.
1027 2215 1114 2270 18.
1136 2214 1205 2271 Et
1237 2230 1423 2272 nonne
1447 2214 1729 2272 sufficiens

143 2307 327 2376 vobis,
367 2309 519 2380 quod
552 2323 821 2381 pascuum
873 2307 1168 2378 pulchrum
1216 2306 1619 2378 depascebatis.
1653 2307 1728 2381 (a)

139 2408 198 2456 et
253 2399 540 2456 residuum
588 2399 781 2470 pascui
816 2398 987 2455 vestri
1035 2398 1446 2455 conculcabatis
1498 2399 1729 2470 pedibus

143 2492 371 2558 vestris,
409 2500 470 2547 et
492 2506 692 2564 aquam
725 2490 1009 2562 limpidam
1042 2489 1334 2557 bibebatis,
1367 2498 1425 2547 et
1449 2490 1729 2547 residuum

138 2583 378 2655 pedibus
414 2583 616 2641 vestris
658 2581 1006 2638 turbabatis?
1046 2580 1136 2637 19.
1173 2580 1240 2637 Et
1267 2596 1402 2649 oves
1431 2597 1567 2637 meae
1595 2596 1733 2637 con·

137 2677 494 2734 culcatinnes
519 2675 722 2747 pedum
759 2686 1069 2732 vestrorum
1094 2674 1414 2745 pascebant,
1445 2681 1501 2730 et
1530 2689 1729 2745 aquam

55 2771 58 2780 ’
140 2784 178 2824 a
209 2767 443 2842 pedibus
470 2765 670 2824 vestris
719 2766 994 2822 turbatam
1030 2765 1310 2824 bibebant.
1362 2766 1455 2822 20.
1497 2765 1732 2837 Propter

55 2863 56 2888 ¹
145 2860 260 2916 boc
283 2857 402 2915 tuae
429 2857 561 2916 dicit
587 2857 856 2914 Dominus
881 2856 1146 2914 Dominus
1176 2858 1245 2926 Χ
1274 2856 1344 2913 ad
1370 2871 1467 2915 eos
1493 2857 1555 2929 ξε
1590 2855 1732 2915 Eece

140 2964 253 3022 ego
305 2947 620 3020 dijudicabo
662 2950 806 3005 iuter
828 2963 988 3005 ovem
1039 2948 1260 3015 sortem,
1301 2957 1357 3007 et
1403 2949 1548 3006 inter
1572 2965 1729 3006 ovem

55 3045 58 3072 ⁸
147 3043 455 3101 infirmam.
493 3042 588 3098 21.
623 3041 682 3098 ln
719 3040 1011 3106 lateribus,
1062 3049 1117 3096 et
1164 3042 1221 3096 in
1258 3042 1506 3099 humeris
1535 3043 1732 3098 vestris

147 3131 606 3204 prosternebatis,
644 3141 702 3187 et
735 3129 1000 3187 cornibus
1024 3130 1225 3186 vestris
1264 3130 1729 3200 cornupetebatis,

1827 1953 2057 2017 propter
2077 1944 2184 2001 boc
2214 1944 2342 2002 vivo
2374 1958 2499 2016 ego,
2522 1942 2657 1999 dicit
2686 1943 2951 2001 Dominus
2985 1943 3270 2008 Dominus,
3299 1941 3410 1997 uisi

1829 2037 1888 2109 (i.
1920 2050 2000 2101 e..
2031 2035 2311 2107 quoniam.
2336 2035 2405 2092 Et
2434 2037 2508 2092 ita
2531 2036 2683 2109 mox)
2716 2037 2770 2091 in
2808 2035 3126 2108 sanguinem
3146 2035 3409 2106 peccasti,

1828 2139 1883 2184 et
1912 2129 2140 2200 sanguis
2173 2139 2534 2200 persequetur
2572 2139 2646 2196 te,
2682 2132 2752 2200 Χ
2788 2129 2897 2186 nisi
2929 2127 3253 2199 sanguinem
3282 2126 3412 2182 odio

1831 2217 2096 2283 habuisti,
2136 2227 2191 2273 et
2227 2218 2454 2289 sanguis
2483 2228 2841 2290 persequetur
2877 2228 2928 2273 te
2958 2219 3006 2289 ζ.
3056 2216 3109 2270 7.
3154 2214 3220 2271 Et
3269 2207 3413 2270 dubn'

1831 2319 2074 2368 montem
2109 2310 2233 2366 Scir
2278 2310 2336 2365 in
2373 2310 2653 2366 desertum
2684 2318 2740 2366 et
2780 2317 3077 2370 vastatum.
3111 2316 3166 2364 et
3196 2309 3411 2378 disper-

1830 2400 1958 2459 dam
1996 2401 2064 2458 de
2090 2416 2158 2458 eo
2199 2401 2453 2458 homines
2485 2411 2540 2457 et
2578 2399 2848 2473 jumenta,
2879 2402 2934 2457 8.
2985 2410 3039 2457 et
3080 2399 3317 2471 implebo
3344 2402 3414 2468 Χ

1831 2500 2050 2549 montes
2082 2491 2203 2562 ejus
2232 2491 2255 2564 ζ
2293 2491 2494 2548 occisis
2526 2492 2655 2560 tuis,
2690 2501 2747 2548 et
2773 2492 2939 2549 colles
2971 2501 3113 2559 tuos.
3155 2501 3209 2549 et
3248 2492 3416 2548 valli-s

1836 2591 1984 2650 tuas,
2007 2591 2066 2639 et
2091 2582 2146 2638 in
2177 2582 2438 2638 omnibus
2456 2582 2669 2653 campis
2691 2583 2800 2639 tuis
2830 2583 2996 2639 occisi
3020 2583 3200 2656 gladio
3221 2583 3419 2640 cadent

1834 2674 1889 2730 in
1925 2683 1998 2730 te.
2021 2674 2077 2731 0.
2111 2672 2398 2729 Desertum
2422 2675 2813 2745 sempiternum
2841 2690 3042 2747 ponam
3075 2685 3146 2742 te,
3177 2684 3231 2731 et
3254 2675 3419 2731 urbes

1835 2775 1944 2823 tuae
1973 2781 2082 2822 non
2124 2765 2528 2821 habitabuntur
2566 2767 2830 2839 amplius,
2862 2774 2919 2824 et
2945 2767 3108 2830 scies,
3139 2764 3287 2838 quod
3317 2781 3420 2837 ego

1831 2871 1955 2913 sum
1988 2856 2281 2914 Dominus.
2314 2855 2403 2913 10.
2426 2856 2567 2925 Quia
2590 2857 2775 2915 dixisti
2800 2878 2815 2915 ε
2841 2856 2971 2915 Duae
2989 2867 3200 2931 gentes,
3225 2868 3281 2914 et
3298 2845 3421 2914 duas

1833 2948 2091 3020 regiones
2116 2963 2254 3004 meae
2279 2957 2465 3016 erunt,
2494 2957 2551 3004 et
2590 2948 2929 3006 baereditabo
2955 2964 3072 3017 eas,
3117 2950 3183 3022 (i)
3214 2958 3269 3007 et
3309 2951 3420 3007 Do·

1834 3041 2021 3097 minus
2057 3041 2133 3096 ibi
2162 3049 2244 3097 est
2272 3058 2289 3095 t
2332 3040 2421 3096 11.
2453 3050 2677 3112 propter
2707 3042 2812 3098 boc
2839 3042 2964 3098 vivo
3004 3057 3126 3115 ego,
3154 3043 3289 3101 dicit
3315 3044 3424 3102 Do-

1836 3133 2021 3188 minus
2053 3128 2342 3196 Dominus,
2367 3139 2423 3187 et
2454 3130 2653 3187 faciam
2694 3131 2791 3188 tibi
2828 3135 3136 3190 secundum
3183 3135 3427 3193 inimici-

153 3239 324 3282 omne
358 3221 506 3296 quod
533 3222 742 3280 defecit
777 3214 844 3293 Χ
889 3223 1069 3280 donec
1118 3224 1142 3294 ζ
1173 3222 1514 3278 contrivistis
1539 3237 1638 3278 eas
1666 3226 1735 3290 Χ
1840 3220 1973 3275 tiam
2020 3233 2191 3287 tuam,
2224 3223 2293 3290 Χ
2338 3228 2395 3276 et
2423 3219 2729 3277 secundum
2785 3222 2963 3278 zelum
3024 3233 3201 3292 tuum,
3257 3242 3425 3299 quem

152 3318 306 3376 roras
348 3319 399 3391 ζ.
429 3317 524 3374 22.
569 3317 642 3373 Et
671 3317 898 3374 salvabo
945 3330 1077 3372 oves
1122 3329 1301 3377 meas,
1331 3322 1386 3369 et
1431 3328 1542 3368 non
1576 3321 1740 3368 erunt

149 3409 393 3480 amplius
435 3408 491 3464 in
519 3408 781 3478 praedam,
822 3416 881 3464 et
928 3405 1190 3477 iudicabo
1231 3405 1376 3461 iuter
1418 3404 1645 3459 arietem
1670 3403 1737 3458 ad

151 3501 421 3564 arietem,
468 3498 564 3554 23.
615 3507 668 3555 et
723 3499 1060 3554 constituam
1106 3510 1273 3566 snper
1319 3511 1417 3553 eos
1464 3505 1736 3567 pastorem

159 3604 357 3652 unum,
400 3599 456 3644 et
493 3595 681 3660 pascet
707 3602 827 3654 eos,
858 3602 1079 3643 servum
1115 3602 1296 3643 meum
1339 3587 1594 3644 Davidem
1623 3605 1638 3645 ε
1668 3590 1740 3659 Χ

163 3678 259 3736 ille
299 3686 488 3750 pascet
531 3692 628 3734 eus
661 3680 711 3750 ζ,
749 3686 804 3733 et
831 3677 937 3733 erit
955 3685 1142 3749 pastor
1164 3691 1352 3735 eorum
1378 3696 1394 3735 z
1435 3679 1526 3736 24.
1554 3690 1606 3736 et
1637 3695 1738 3752 ego

167 3769 429 3828 Dominus
454 3784 553 3827 ero
567 3772 647 3827 eis
677 3771 731 3826 in
760 3769 954 3836 Deum,
978 3780 1033 3827 ct
1053 3770 1220 3827 David
1250 3771 1304 3827 in
1335 3772 1516 3829 medio
1541 3787 1734 3829 eorum

111 3880 133 3894 ·
164 3864 436 3939 princeps.
467 3861 581 3936 Ego
615 3861 880 3920 Dominus
905 3862 1124 3921 locutus
1153 3880 1297 3921 sum.
1321 3863 1413 3923 25.
1432 3864 1502 3921 Et
1530 3866 1736 3923 consti-

164 3965 309 4012 tuam
346 3955 531 4011 Davidi
571 3964 959 4012 testamentum
993 3957 1165 4028 pacis,
1196 3967 1251 4013 et
1284 3957 1507 4026 perdam
1531 3957 1736 4014 bestias·

168 4046 336 4101 malas
362 4045 429 4101 de
465 4053 631 4114 terra,
665 4054 723 4103 et
754 4046 1085 4102 habitabunt
1112 4047 1167 4102 in
1195 4047 1421 4103 deserto
1458 4050 1525 4116 Χ
1568 4049 1644 4121 (α)
1681 4051 1734 4104 in

164 4134 488 4192 conlidentia
528 4137 578 4207 ζ,
625 4144 681 4192 et
719 4136 996 4192 dormient
1034 4136 1088 4190 in
1141 4134 1318 4204 silvis.
1365 4135 1457 4191 20.
1503 4136 1569 4191 Et
1599 4139 1740 4192 dallo

165 4240 267 4283 eos
287 4225 341 4280 in
366 4225 599 4281 circuitu
624 4225 830 4281 montis
853 4223 961 4281 mei
987 4227 1055 4295 Χ
1085 4226 1161 4295 (ο)
1192 4225 1624 4281 benedictionem
1662 4228 1686 4298 ζ
1723 4246 1735 4281 :

163 4327 227 4375 et
265 4317 401 4372 dabo
440 4317 683 4388 pluviam
731 4317 911 4382 vobis,
956 4317 1193 4388 pluviam
1242 4317 1642 4374 benedictionis
1672 4320 1741 4388 Χ

168 4419 333 4468 erunt
368 4409 416 4477 ζ.
451 4409 544 4464 27.
580 4407 646 4464 Et
684 4408 831 4480 ligna
875 4425 998 4480 quae
1041 4409 1097 4465 ln
1141 4423 1358 4479 campo,
1389 4408 1600 4465 dabunt
1629 4408 1745 4465 l'ru-

172 4510 319 4558 ctum
356 4514 538 4565 suum,
564 4507 621 4554 et
659 4507 807 4554 terra
848 4499 995 4556 dabit
1027 4499 1284 4555 virtutem
1327 4513 1486 4556 suam
1519 4519 1534 4555 ε
1569 4509 1623 4558 et
1646 4503 1745 4558 lia·
1775 4533 1821 4590 D

177 4593 420 4650 bitabunt
449 4605 616 4662 super
642 4600 788 4647 terra
815 4607 916 4648 sua
946 4591 1018 4665 (c)
1049 4591 1104 4648 in
1134 4606 1232 4662 spe
1265 4593 1440 4664 pacis,
1461 4603 1516 4650 et
1544 4595 1739 4662 scient,

177 4683 320 4755 quod
350 4698 448 4755 ego
476 4696 602 4738 sum
649 4680 936 4749 Dominus,
965 4697 1092 4739 cum
1123 4681 1437 4739 contrivero
1465 4683 1741 4741 vinculum

176 4775 292 4848 jugi
329 4789 517 4831 eorum
557 4783 654 4830 :et
682 4772 912 4843 eripiam
960 4787 1058 4829 eos
1092 4771 1162 4829 de
1202 4789 1366 4830 manu
1395 4789 1611 4841 eorum,
1650 4779 1743 4850 qui

184 4868 417 4924 fecerunt
462 4869 672 4924 servire
714 4881 833 4923 eos.
859 4863 954 4920 28.
990 4863 1058 4920 Et
1092 4880 1200 4921 non
1230 4875 1392 4922 eruut
1417 4869 1654 4939 amplius
1688 4871 1742 4926 in

184 4959 409 5029 praedam
437 4959 715 5029 gentibus,
754 4966 812 5014 ct
839 4959 1029 5015 bestiae
1063 4967 1224 5016 terra
1264 4973 1372 5016 nou
1398 4961 1635 5032 amplius
1664 4960 1743 5035 (d)

188 5049 512 5106 devorabunt
545 5065 642 5107 eos
667 5069 681 5105 ε
710 5059 767 5106 et
799 5048 1126 5108 habitabunt
1170 5051 1226 5106 in
1253 5065 1372 5121 spe,
1398 5059 1454 5108 et
1481 5067 1589 5108 non
1620 5055 1749 5120 erit,

191 5141 283 5211 qui
311 5148 577 5196 exterreat
596 5155 714 5197 eos.
735 5142 828 5197 29.
855 5143 916 5197 Et
942 5143 1227 5198 suscitabo
1247 5143 1330 5200 cis
1353 5142 1747 5214 plantationem

195 5231 353 5304 paris,
383 5241 438 5288 ct
475 5243 585 5287 non
622 5230 860 5301 amplius
891 5241 1053 5289 erunt
1082 5243 1370 5303 pereuntes
1402 5232 1544 5291 lame
1591 5235 1660 5308 (e)
1694 5236 1747 5293 in

192 5335 347 5388 terra,
390 5335 568 5392 neque
621 5321 921 5392 portabunt
965 5321 1203 5391 amplius
1233 5322 1587 5395 opprobrium
1617 5341 1750 5398 gen-

1844 3309 2042 3378 fecisti,
2078 3324 2146 3365 eo
2177 3311 2323 3381 quod
2350 3311 2513 3368 odisti
2551 3311 2607 3366 in
2642 3313 2721 3368 eis
2767 3311 2816 3381 ζ,
2842 3320 2898 3368 et
2934 3313 3272 3372 innotescam
3303 3319 3423 3387 tibi,

1844 3415 1970 3457 cum
2017 3401 2340 3474 judicavero
2380 3410 2452 3468 te,
2497 3401 2587 3459 12.
2634 3412 2690 3460 et
2734 3404 2900 3469 scies,
2954 3407 3101 3477 quod
3151 3421 3252 3481 ego
3301 3424 3427 3466 sum

1847 3494 2117 3549 Dominus
2154 3512 2171 3550 t
2208 3493 2394 3550 audivi
2436 3510 2628 3550 vocem
2670 3495 3133 3566 blasphemiarum
3183 3509 3425 3571 tuarum,

1844 3593 1899 3639 et
1936 3583 2175 3641 dixisti:
2215 3583 2429 3640 Montes
2479 3582 2721 3652 israelis,
2770 3588 2841 3655 Χ
2885 3587 3074 3645 dicens
3124 3589 3175 3662 ζ,
3223 3592 3427 3648 deserti

1848 3679 2011 3735 nobis
2044 3679 2157 3737 dati
2187 3687 2317 3736 sunt
2355 3679 2410 3734 in
2452 3679 2656 3745 cibum,
2690 3681 2777 3736 15.
2819 3691 2874 3739 et
2906 3684 3141 3756 superbe
3165 3686 3342 3744 elatus
3364 3701 3426 3742 es

1845 3787 2013 3844 super
2037 3787 2125 3827 me
2153 3787 2248 3828 ore
2269 3782 2383 3840 tuo,
2407 3773 2567 3844 Χ(1ε)
2591 3783 2645 3828 et
2670 3774 2948 3831 clamastis
2967 3792 3133 3849 super
3157 3794 3242 3835 me
3262 3779 3427 3838 verba

1854 3877 2035 3922 vestra
2072 3866 2122 3937 ζ,
2151 3881 2252 3938 ego
2283 3866 2494 3921 audivi.
2513 3866 2602 3924 14.
2627 3865 2753 3922 Haec
2781 3868 2916 3922 dicit
2944 3869 3208 3927 Dominus
3238 3870 3429 3926 [lomi-

1852 3973 1956 4013 nus
1984 3958 2079 4012 :ln
2101 3958 2317 4014 laetitias
2332 3963 2516 4016 omnis
2548 3967 2705 4013 terrae
2734 3960 3011 4014 desertum
3036 3968 3086 4014 te
3100 3958 3314 4016 faciam.
3336 3962 3426 4017 15.

1850 4050 1918 4116 Χ
1952 4047 2112 4103 Sicut
2159 4049 2380 4118 gavisus
2418 4064 2478 4103 es
2508 4050 2563 4102 in
2600 4047 2974 4105 hren-editatem
3029 4050 3264 4119 israelis,
3299 4053 3429 4124 quia

1846 4145 2109 4209 corrupta
2154 4148 2258 4203 est,
2325 4139 2407 4193 sic
2457 4137 2655 4193 faciam
2694 4139 2804 4196 .tibi
2844 4140 2868 4213 ζ
2906 4158 2919 4196 :
2974 4141 3251 4198 desertum
3294 4144 3428 4212 eris,

1848 4243 2011 4284 mons
2053 4227 2196 4295 seir,
2248 4239 2304 4285 et
2358 4229 2541 4285 omnis
2600 4229 2833 4288 lduinaea
2884 4245 3311 4302 consumentur,
3375 4248 3431 4292 et

1849 4318 2044 4384 scient,
2083 4319 2228 4388 quod
2264 4335 2366 4391 ego
2396 4335 2518 4375 sum
2550 4319 2816 4379 Dominus
2843 4323 2987 4381 Deus
3017 4340 3232 4383 eorum.

1919 4407 2053 4479 Cap.
2083 4409 2328 4465 xxxvl.
2358 4444 2428 4456 —
2463 4411 2512 4467 l.
2542 4411 2607 4468 Et
2637 4423 2716 4482 tu,
2758 4414 2834 4471 lili
2874 4416 3132 4488 horninis,
3162 4421 3431 4492 propbeta

1850 4515 2018 4571 super
2074 4513 2289 4560 montes
2339 4502 2581 4574 lsraeliS,
2618 4515 2670 4562 et
2717 4506 2808 4564 dic
2849 4510 3128 4569 montibus
3171 4511 3426 4571 israelis:

1852 4591 2051 4648 Audite
2086 4593 2313 4650 verbum
2346 4593 2586 4654 Domini.
2620 4598 2676 4655 2.
2705 4597 2832 4657 Haee
2868 4601 3003 4657 dicit
3028 4603 3294 4663 Dominus
3322 4604 3430 4663 Do·

1855 4683 2079 4741 minus:
2107 4683 2216 4740 Pro
2252 4700 2318 4743 eo
2348 4689 2491 4759 quod
2515 4689 2654 4746 dixit
2686 4691 2942 4751 iuimicus
2970 4710 3137 4765 super
3162 4712 3261 4755 vos
3286 4714 3303 4753 z
3324 4698 3429 4762 Ab,

1854 4777 2016 4846 bene,
2050 4776 2379 4834 solitudines
2405 4782 2752 4851 sempiternae
2791 4785 2846 4839 in
2886 4787 3295 4856 possessionem
3328 4804 3431 4845 no-

1851 4877 2024 4924 stram
2046 4867 2205 4925 sactae
2231 4877 2380 4925 sunt.
2402 4869 2458 4925 3.
2490 4868 2721 4943 Propter
2759 4874 2865 4930 boc
2893 4877 3181 4947 propbeta,
3215 4887 3270 4935 et
3295 4878 3385 4937 dic
3413 4900 3428 4935 ε

1852 4960 1981 5017 nme
2004 4961 2137 5018 dicit
2169 4960 2435 5020 Dominus
2464 4963 2731 5024 Dominus
2776 4986 2792 5024 ε
2833 4965 2941 5023 Pro
2968 4981 3035 5024 eo
3075 4971 3221 5040 quod
3253 4970 3435 5027 fuistis

1854 5053 1909 5107 in
1944 5053 2352 5124 corruptionem
2396 5055 2656 5112 omnibus
2701 5058 2979 5128 gentibus,
3028 5062 3095 5129 Χ
3134 5069 3190 5116 et
3230 5076 3333 5131 pro
3369 5076 3436 5117 eo

1855 5143 2002 5214 quod
2037 5145 2061 5217 ζ
2088 5145 2329 5215 despecti
2354 5146 2509 5211 estis,
2535 5154 2589 5200 et
2617 5146 2744 5202 odio
2772 5148 2943 5205 habiti
2970 5148 3129 5208 estis.
3157 5149 3229 5204 ab
3258 5149 3436 5207 omni-

1858 5237 1961 5292 bus
1993 5235 2265 5308 gentibus,
2285 5252 2407 5308 quae
2433 5237 2579 5294 circa
2602 5253 2720 5304 vos,
2750 5247 2810 5294 ut
2846 5240 3044 5296 essetis
3073 5240 3128 5295 in
3156 5243 3433 5312 possesio-

1859 5343 1984 5383 nem
2037 5328 2293 5398 gentibus
2334 5329 2584 5399 reliquiS,
2638 5329 2701 5403 (Ι)
2745 5337 2800 5387 et
2843 5330 3172 5388 ascendistis
3219 5332 3433 5405 loquela

192 5416 342 5480 tium,
373 5413 460 5470 50.
508 5421 564 5470 et
609 5413 808 5481 scient,
839 5413 986 5484 quod
1027 5429 1127 5485 ego
1158 5428 1280 5470 sum
1316 5414 1582 5473 Dominus
1612 5416 1754 5475 Deus
1862 5420 2081 5493 linguae,
2112 5430 2167 5476 et
2195 5421 2250 5476 in
2284 5421 2642 5492 opprobrium
2679 5421 2955 5493 gentibus,
2982 5422 3038 5478 1.
3067 5433 3289 5496 propter
3306 5424 3432 5494 boc,

262 5595 336 5682 (x)
369 5593 486 5660 rte..
516 5608 640 5650 cum
680 5603 767 5649 est
825 5591 881 5648 in
927 5594 1108 5649 medio
1159 5593 1340 5652 ovium
1373 5595 1511 5666 ejus.

310 5734 385 5800 8.,
439 5745 758 5806 corruptum
821 5743 878 5789 et
940 5735 1315 5806 depravatum.
1409 5735 1484 5808 (q)
1514 5737 1599 5801 8..
1627 5747 1683 5793 et
1704 5752 2072 5816 congregatus
2100 5756 2181 5800 es.
2260 5742 2336 5816 (Ιι)
2362 5740 2448 5813 S„
2475 5741 2729 5801 limitato.

198 5737 274 5864 wi
319 5814 446 5864 erat.
524 5805 598 5879 (Ιι)
636 5803 700 5863 Et
735 5803 1161 5879 multiplicastis.
1245 5805 1310 5879 (l)
1335 5804 1400 5864 Et
1433 5795 1562 5866 iacti
1592 5810 1746 5867 estis.

678 5665 691 5676 ,
732 5665 742 5676 ,
853 5665 864 5675 ‚
1620 5597 1697 5670 (y)
1729 5596 1794 5655 Et
1816 5600 2093 5673 colligam.
2135 5599 2200 5655 Et
2245 5615 2565 5672 persequar.

195 5666 271 5738 (a)
298 5665 373 5726 δ..
401 5665 524 5721 sine
572 5663 962 5720 sollicitudine.
1040 5664 1113 5733 (b)
1144 5663 1229 5725 S..
1259 5665 1593 5724 benedictos.
1693 5671 1766 5738 (ο)
1799 5669 1884 5738 S„
1918 5686 2027 5727 non
2057 5671 2329 5726 timentes.

2434 5670 2511 5755 (a)
2542 5598 2884 5729 memii-
2904 5610 3093 5728 ’Ἐζᾶ
3128 5605 3436 5746 {ff'gsssse'ssl

2840 5741 2905 5816 (i)
2936 5740 3020 5814 S„
3071 5753 3126 5804 et
3222 5752 3441 5804 ominus
