<?xml version="1.0" encoding="UTF-8"?>
<!DOCTYPE html PUBLIC "-//W3C//DTD XHTML 1.0 Transitional//EN"
    "http://www.w3.org/TR/xhtml1/DTD/xhtml1-transitional.dtd">
<html xmlns="http://www.w3.org/1999/xhtml" xml:lang="en" lang="en">
 <head>
  <title>
</title>
<meta http-equiv="Content-Type" content="text/html;charset=utf-8" />
  <meta name='ocr-system' content='tesseract 3.04.00' />
  <meta name='ocr-capabilities' content='ocr_page ocr_carea ocr_par ocr_line ocrx_word'/>
</head>
<body>
  <div class='ocr_page' id='page_1' title='image "./patrologicursus115migngoog_0223.png"; bbox 0 0 3967 6217; ppageno 0'>
   <div class='ocr_carea' id='block_1_1' title="bbox 289 280 3549 346">
    <p class='ocr_par' dir='ltr' id='par_1_1' title="bbox 289 280 3549 346">
     <span class='ocr_line' id='line_1_1' title="bbox 289 280 3549 346; baseline 0.003 -10"><span class='ocrx_word' id='word_1_1' title='bbox 289 280 441 342; x_wconf 63' lang='lat'>27³9</span> <span class='ocrx_word' id='word_1_2' title='bbox 1517 281 1919 340; x_wconf 65' lang='lat' dir='ltr'>nEztccttles</span> <span class='ocrx_word' id='word_1_3' title='bbox 1956 283 2190 345; x_wconf 70' lang='lat' dir='ltr'>CAPUT</span> <span class='ocrx_word' id='word_1_4' title='bbox 2227 285 2340 345; x_wconf 79' lang='lat' dir='ltr'>XL.</span> <span class='ocrx_word' id='word_1_5' title='bbox 3407 288 3549 346; x_wconf 72' lang='lat'>2750</span> 
     </span>
    </p>
   </div>
   <div class='ocr_carea' id='block_1_2' title="bbox 283 399 3551 658">
    <p class='ocr_par' dir='ltr' id='par_1_2' title="bbox 283 399 3551 658">
     <span class='ocr_line' id='line_1_2' title="bbox 288 399 3551 476; baseline 0.003 -23"><span class='ocrx_word' id='word_1_6' title='bbox 288 399 391 454; x_wconf 72' lang='lat'><strong>29..</strong></span> <span class='ocrx_word' id='word_1_7' title='bbox 433 409 488 454; x_wconf 76' lang='lat' dir='ltr'>et</span> <span class='ocrx_word' id='word_1_8' title='bbox 517 401 694 457; x_wconf 78' lang='lat' dir='ltr'>scient</span> <span class='ocrx_word' id='word_1_9' title='bbox 722 401 920 460; x_wconf 88' lang='lat' dir='ltr'>domus</span> <span class='ocrx_word' id='word_1_10' title='bbox 947 402 1188 468; x_wconf 77' lang='lat' dir='ltr'>israelis,</span> <span class='ocrx_word' id='word_1_11' title='bbox 1223 402 1368 472; x_wconf 88' lang='lat' dir='ltr'>quod</span> <span class='ocrx_word' id='word_1_12' title='bbox 1392 417 1492 473; x_wconf 88' lang='lat' dir='ltr'>ego</span> <span class='ocrx_word' id='word_1_13' title='bbox 1522 417 1643 459; x_wconf 90' lang='lat' dir='ltr'>sum</span> <span class='ocrx_word' id='word_1_14' title='bbox 1694 400 1876 457; x_wconf 85' lang='lat' dir='ltr'>Domi·</span> <span class='ocrx_word' id='word_1_15' title='bbox 1903 406 1948 461; x_wconf 77' lang='lat' dir='ltr'>A</span> <span class='ocrx_word' id='word_1_16' title='bbox 1980 400 2128 460; x_wconf 75' lang='lat' dir='ltr'>Tliee</span> <span class='ocrx_word' id='word_1_17' title='bbox 2156 405 2418 476; x_wconf 67' lang='lat' dir='ltr'>aequalem</span> <span class='ocrx_word' id='word_1_18' title='bbox 2449 401 2660 460; x_wconf 88' lang='lat' dir='ltr'>calamo</span> <span class='ocrx_word' id='word_1_19' title='bbox 2692 402 3049 475; x_wconf 82' lang='lat' dir='ltr'>longitudine,</span> <span class='ocrx_word' id='word_1_20' title='bbox 3083 410 3138 457; x_wconf 87' lang='lat' dir='ltr'>et</span> <span class='ocrx_word' id='word_1_21' title='bbox 3161 404 3421 476; x_wconf 81' lang='lat' dir='ltr'>aequalem</span> <span class='ocrx_word' id='word_1_22' title='bbox 3457 423 3551 463; x_wconf 87' lang='lat' dir='ltr'>ca·-</span> 
     </span>
     <span class='ocr_line' id='line_1_3' title="bbox 287 493 3527 566; baseline 0.001 -20"><span class='ocrx_word' id='word_1_23' title='bbox 287 506 406 547; x_wconf 81' lang='lat' dir='ltr'>nus</span> <span class='ocrx_word' id='word_1_24' title='bbox 435 493 579 551; x_wconf 86' lang='lat' dir='ltr'>Deus</span> <span class='ocrx_word' id='word_1_25' title='bbox 604 509 793 551; x_wconf 86' lang='lat' dir='ltr'>eorum</span> <span class='ocrx_word' id='word_1_26' title='bbox 814 509 844 551; x_wconf 90' lang='lat' dir='ltr'>a</span> <span class='ocrx_word' id='word_1_27' title='bbox 864 495 952 551; x_wconf 90' lang='lat' dir='ltr'>die</span> <span class='ocrx_word' id='word_1_28' title='bbox 980 495 1102 557; x_wconf 77' lang='lat' dir='ltr'>linc.</span> <span class='ocrx_word' id='word_1_29' title='bbox 1126 495 1471 566; x_wconf 70' lang='lat' dir='ltr'>etdeincepS.</span> <span class='ocrx_word' id='word_1_30' title='bbox 1504 495 1594 550; x_wconf 72' lang='lat'>23.</span> <span class='ocrx_word' id='word_1_31' title='bbox 1621 494 1686 549; x_wconf 83' lang='lat' dir='ltr'>Et</span> <span class='ocrx_word' id='word_1_32' title='bbox 1705 494 1876 551; x_wconf 87' lang='lat' dir='ltr'>scient</span> <span class='ocrx_word' id='word_1_33' title='bbox 1979 495 2126 551; x_wconf 89' lang='lat' dir='ltr'>lamo</span> <span class='ocrx_word' id='word_1_34' title='bbox 2156 496 2461 560; x_wconf 90' lang='lat' dir='ltr'>latitudine,</span> <span class='ocrx_word' id='word_1_35' title='bbox 2486 506 2540 550; x_wconf 90' lang='lat' dir='ltr'>et</span> <span class='ocrx_word' id='word_1_36' title='bbox 2570 494 2749 550; x_wconf 79' lang='lat' dir='ltr'>AElam</span> <span class='ocrx_word' id='word_1_37' title='bbox 2786 494 2839 549; x_wconf 91' lang='lat' dir='ltr'>in</span> <span class='ocrx_word' id='word_1_38' title='bbox 2864 493 3044 550; x_wconf 86' lang='lat' dir='ltr'>medio</span> <span class='ocrx_word' id='word_1_39' title='bbox 3071 493 3299 551; x_wconf 77' lang='lat' dir='ltr'>Thelam</span> <span class='ocrx_word' id='word_1_40' title='bbox 3339 497 3527 552; x_wconf 85' lang='lat' dir='ltr'>cubito</span> 
     </span>
     <span class='ocr_line' id='line_1_4' title="bbox 283 586 3549 658; baseline 0 -16"><span class='ocrx_word' id='word_1_41' title='bbox 283 599 489 642; x_wconf 81' lang='lat' dir='ltr'>omnes</span> <span class='ocrx_word' id='word_1_42' title='bbox 519 598 711 658; x_wconf 83' lang='lat' dir='ltr'>gentes</span> <span class='ocrx_word' id='word_1_43' title='bbox 735 626 753 652; x_wconf 82' lang='grc'><strong>,</strong></span> <span class='ocrx_word' id='word_1_44' title='bbox 802 587 946 657; x_wconf 89' lang='lat' dir='ltr'>quod</span> <span class='ocrx_word' id='word_1_45' title='bbox 987 597 1210 658; x_wconf 87' lang='lat' dir='ltr'>propter</span> <span class='ocrx_word' id='word_1_46' title='bbox 1249 597 1467 658; x_wconf 87' lang='lat' dir='ltr'>peccata</span> <span class='ocrx_word' id='word_1_47' title='bbox 1527 602 1626 643; x_wconf 89' lang='lat' dir='ltr'>sua</span> <span class='ocrx_word' id='word_1_48' title='bbox 1676 586 1874 656; x_wconf 78' lang='lat' dir='ltr'>captivi</span> <span class='ocrx_word' id='word_1_49' title='bbox 1980 604 2101 642; x_wconf 87' lang='lat' dir='ltr'>rum</span> <span class='ocrx_word' id='word_1_50' title='bbox 2135 587 2266 643; x_wconf 67' lang='lat' dir='ltr'>seir:</span> <span class='ocrx_word' id='word_1_51' title='bbox 2300 595 2354 643; x_wconf 89' lang='lat' dir='ltr'>et</span> <span class='ocrx_word' id='word_1_52' title='bbox 2376 588 2523 643; x_wconf 72' lang='lat' dir='ltr'>&#39;l’lnce</span> <span class='ocrx_word' id='word_1_53' title='bbox 2545 586 2842 643; x_wconf 89' lang='lat' dir='ltr'>secundum</span> <span class='ocrx_word' id='word_1_54' title='bbox 2874 586 3140 657; x_wconf 79' lang='lat' dir='ltr'>aeqnaletn</span> <span class='ocrx_word' id='word_1_55' title='bbox 3184 587 3395 642; x_wconf 88' lang='lat' dir='ltr'>calamo</span> <span class='ocrx_word' id='word_1_56' title='bbox 3433 588 3549 644; x_wconf 81' lang='lat' dir='ltr'>lati·</span> 
     </span>
    </p>
   </div>
   <div class='ocr_carea' id='block_1_3' title="bbox 283 677 3553 843">
    <p class='ocr_par' dir='ltr' id='par_1_3' title="bbox 283 677 3553 843">
     <span class='ocr_line' id='line_1_5' title="bbox 283 677 3552 752; baseline -0.001 -18"><span class='ocrx_word' id='word_1_57' title='bbox 283 679 443 734; x_wconf 80' lang='lat' dir='ltr'>ducti</span> <span class='ocrx_word' id='word_1_58' title='bbox 468 679 693 734; x_wconf 78' lang='lat' dir='ltr'>suerunt</span> <span class='ocrx_word' id='word_1_59' title='bbox 726 679 924 734; x_wconf 83' lang='lat' dir='ltr'>domus</span> <span class='ocrx_word' id='word_1_60' title='bbox 957 678 1195 744; x_wconf 79' lang='lat' dir='ltr'>israelis,</span> <span class='ocrx_word' id='word_1_61' title='bbox 1225 694 1326 750; x_wconf 89' lang='lat' dir='ltr'>pro</span> <span class='ocrx_word' id='word_1_62' title='bbox 1356 694 1421 734; x_wconf 87' lang='lat' dir='ltr'>eo</span> <span class='ocrx_word' id='word_1_63' title='bbox 1450 679 1596 749; x_wconf 90' lang='lat' dir='ltr'>qnod</span> <span class='ocrx_word' id='word_1_64' title='bbox 1620 679 1876 749; x_wconf 75' lang='lat' dir='ltr'>praevari-</span> <span class='ocrx_word' id='word_1_65' title='bbox 1978 680 2185 745; x_wconf 85' lang='lat' dir='ltr'>tudine,</span> <span class='ocrx_word' id='word_1_66' title='bbox 2216 689 2270 735; x_wconf 88' lang='lat' dir='ltr'>et</span> <span class='ocrx_word' id='word_1_67' title='bbox 2306 681 2567 752; x_wconf 84' lang='lat' dir='ltr'>aequalem</span> <span class='ocrx_word' id='word_1_68' title='bbox 2600 679 2810 735; x_wconf 81' lang='lat' dir='ltr'>calamo</span> <span class='ocrx_word' id='word_1_69' title='bbox 2849 678 3218 749; x_wconf 86' lang='lat' dir='ltr'>longitudine,</span> <span class='ocrx_word' id='word_1_70' title='bbox 3249 685 3305 733; x_wconf 89' lang='lat' dir='ltr'>et</span> <span class='ocrx_word' id='word_1_71' title='bbox 3339 677 3429 733; x_wconf 86' lang='lat' dir='ltr'>AEl</span> <span class='ocrx_word' id='word_1_72' title='bbox 3457 695 3552 735; x_wconf 89' lang='lat' dir='ltr'>cn-</span> 
     </span>
     <span class='ocr_line' id='line_1_6' title="bbox 283 768 3553 843; baseline -0 -17"><span class='ocrx_word' id='word_1_73' title='bbox 283 772 399 826; x_wconf 82' lang='lat' dir='ltr'>cati</span> <span class='ocrx_word' id='word_1_74' title='bbox 457 780 588 826; x_wconf 84' lang='lat' dir='ltr'>sunt</span> <span class='ocrx_word' id='word_1_75' title='bbox 637 770 692 825; x_wconf 89' lang='lat' dir='ltr'>in</span> <span class='ocrx_word' id='word_1_76' title='bbox 728 785 835 834; x_wconf 88' lang='lat' dir='ltr'>me,</span> <span class='ocrx_word' id='word_1_77' title='bbox 867 777 923 826; x_wconf 90' lang='lat' dir='ltr'>et</span> <span class='ocrx_word' id='word_1_78' title='bbox 966 770 1139 825; x_wconf 80' lang='lat' dir='ltr'>averti</span> <span class='ocrx_word' id='word_1_79' title='bbox 1165 768 1358 826; x_wconf 86' lang='lat' dir='ltr'>l&#39;acicm</span> <span class='ocrx_word' id='word_1_80' title='bbox 1397 785 1576 825; x_wconf 87' lang='lat' dir='ltr'>meam</span> <span class='ocrx_word' id='word_1_81' title='bbox 1600 771 1669 826; x_wconf 85' lang='lat' dir='ltr'>ab</span> <span class='ocrx_word' id='word_1_82' title='bbox 1693 769 1795 833; x_wconf 66' lang='grc' dir='ltr'><strong>εἰς,</strong></span> <span class='ocrx_word' id='word_1_83' title='bbox 1822 777 1878 823; x_wconf 89' lang='lat' dir='ltr'>ct</span> <span class='ocrx_word' id='word_1_84' title='bbox 1976 772 2216 827; x_wconf 84' lang='lat' dir='ltr'>hitorum</span> <span class='ocrx_word' id='word_1_85' title='bbox 2249 772 2512 843; x_wconf 85' lang='lat' dir='ltr'>quinque,</span> <span class='ocrx_word' id='word_1_86' title='bbox 2544 781 2599 828; x_wconf 88' lang='lat' dir='ltr'>et</span> <span class='ocrx_word' id='word_1_87' title='bbox 2626 772 2773 829; x_wconf 74' lang='lat' dir='ltr'>Tliee</span> <span class='ocrx_word' id='word_1_88' title='bbox 2797 774 3013 829; x_wconf 89' lang='lat' dir='ltr'>tertium</span> <span class='ocrx_word' id='word_1_89' title='bbox 3041 771 3302 841; x_wconf 84' lang='lat' dir='ltr'>aequalem</span> <span class='ocrx_word' id='word_1_90' title='bbox 3338 771 3553 827; x_wconf 88' lang='lat' dir='ltr'>calamo</span> 
     </span>
    </p>
   </div>
   <div class='ocr_carea' id='block_1_4' title="bbox 281 861 1876 3049">
    <p class='ocr_par' dir='ltr' id='par_1_4' title="bbox 283 861 1876 2567">
     <span class='ocr_line' id='line_1_7' title="bbox 285 861 1875 926; baseline 0 -10"><span class='ocrx_word' id='word_1_91' title='bbox 285 863 490 919; x_wconf 75' lang='lat' dir='ltr'>tradidi</span> <span class='ocrx_word' id='word_1_92' title='bbox 521 878 618 917; x_wconf 81' lang='lat' dir='ltr'>eos</span> <span class='ocrx_word' id='word_1_93' title='bbox 646 864 702 917; x_wconf 89' lang='lat' dir='ltr'>in</span> <span class='ocrx_word' id='word_1_94' title='bbox 737 877 965 918; x_wconf 81' lang='lat' dir='ltr'>manum</span> <span class='ocrx_word' id='word_1_95' title='bbox 998 861 1348 917; x_wconf 88' lang='lat' dir='ltr'>inimicorum</span> <span class='ocrx_word' id='word_1_96' title='bbox 1398 877 1613 926; x_wconf 85' lang='lat' dir='ltr'>eorum,</span> <span class='ocrx_word' id='word_1_97' title='bbox 1644 870 1698 917; x_wconf 88' lang='lat' dir='ltr'>et</span> <span class='ocrx_word' id='word_1_98' title='bbox 1733 861 1875 917; x_wconf 89' lang='lat' dir='ltr'>ceci·</span> 
     </span>
     <span class='ocr_line' id='line_1_8' title="bbox 289 953 1873 1025; baseline -0.001 -15"><span class='ocrx_word' id='word_1_99' title='bbox 289 956 496 1011; x_wconf 85' lang='lat' dir='ltr'>derunt</span> <span class='ocrx_word' id='word_1_100' title='bbox 519 954 702 1025; x_wconf 85' lang='lat' dir='ltr'>gladio</span> <span class='ocrx_word' id='word_1_101' title='bbox 744 968 960 1009; x_wconf 88' lang='lat' dir='ltr'>omnes.</span> <span class='ocrx_word' id='word_1_102' title='bbox 997 953 1086 1009; x_wconf 70' lang='lat' dir='ltr'>at.</span> <span class='ocrx_word' id='word_1_103' title='bbox 1138 953 1446 1009; x_wconf 89' lang='lat' dir='ltr'>Secundum</span> <span class='ocrx_word' id='word_1_104' title='bbox 1497 953 1873 1009; x_wconf 83' lang='lat' dir='ltr'>immunditias</span> 
     </span>
     <span class='ocr_line' id='line_1_9' title="bbox 286 1043 1873 1115; baseline -0.002 -13"><span class='ocrx_word' id='word_1_105' title='bbox 286 1061 505 1112; x_wconf 85' lang='lat' dir='ltr'>eorum,</span> <span class='ocrx_word' id='word_1_106' title='bbox 537 1053 590 1100; x_wconf 83' lang='lat' dir='ltr'>et</span> <span class='ocrx_word' id='word_1_107' title='bbox 620 1043 922 1101; x_wconf 83' lang='lat' dir='ltr'>secundum</span> <span class='ocrx_word' id='word_1_108' title='bbox 952 1044 1269 1115; x_wconf 71' lang='lat' dir='ltr'>iniquitates</span> <span class='ocrx_word' id='word_1_109' title='bbox 1309 1060 1499 1100; x_wconf 88' lang='lat' dir='ltr'>eorum</span> <span class='ocrx_word' id='word_1_110' title='bbox 1550 1043 1652 1100; x_wconf 84' lang='lat' dir='ltr'>l&#39;eci</span> <span class='ocrx_word' id='word_1_111' title='bbox 1693 1046 1793 1109; x_wconf 80' lang='lat' dir='ltr'>cis,</span> <span class='ocrx_word' id='word_1_112' title='bbox 1819 1054 1873 1099; x_wconf 89' lang='lat' dir='ltr'>et</span> 
     </span>
     <span class='ocr_line' id='line_1_10' title="bbox 283 1136 1871 1207; baseline -0.004 -13"><span class='ocrx_word' id='word_1_113' title='bbox 283 1137 460 1194; x_wconf 81' lang='lat' dir='ltr'>averti</span> <span class='ocrx_word' id='word_1_114' title='bbox 485 1136 684 1193; x_wconf 83' lang='lat' dir='ltr'>faciem</span> <span class='ocrx_word' id='word_1_115' title='bbox 718 1151 896 1192; x_wconf 88' lang='lat' dir='ltr'>meam</span> <span class='ocrx_word' id='word_1_116' title='bbox 928 1137 998 1192; x_wconf 85' lang='lat' dir='ltr'>ab</span> <span class='ocrx_word' id='word_1_117' title='bbox 1014 1136 1115 1192; x_wconf 81' lang='lat' dir='ltr'>cis.</span> <span class='ocrx_word' id='word_1_118' title='bbox 1140 1137 1236 1193; x_wconf 76' lang='lat'>25.</span> <span class='ocrx_word' id='word_1_119' title='bbox 1259 1136 1484 1207; x_wconf 84' lang='lat' dir='ltr'>Propter</span> <span class='ocrx_word' id='word_1_120' title='bbox 1508 1137 1614 1192; x_wconf 88' lang='lat' dir='ltr'>hoc</span> <span class='ocrx_word' id='word_1_121' title='bbox 1640 1137 1755 1193; x_wconf 81' lang='lat' dir='ltr'>haec</span> <span class='ocrx_word' id='word_1_122' title='bbox 1786 1138 1871 1191; x_wconf 88' lang='lat' dir='ltr'>di-</span> 
     </span>
     <span class='ocr_line' id='line_1_11' title="bbox 284 1226 1869 1298; baseline 0.001 -16"><span class='ocrx_word' id='word_1_123' title='bbox 284 1228 360 1283; x_wconf 82' lang='lat' dir='ltr'>cit</span> <span class='ocrx_word' id='word_1_124' title='bbox 388 1227 655 1283; x_wconf 76' lang='lat' dir='ltr'>Dominus</span> <span class='ocrx_word' id='word_1_125' title='bbox 689 1227 955 1283; x_wconf 86' lang='lat' dir='ltr'>Dominus</span> <span class='ocrx_word' id='word_1_126' title='bbox 984 1244 998 1281; x_wconf 89' lang='lat'>:</span> <span class='ocrx_word' id='word_1_127' title='bbox 1032 1226 1189 1283; x_wconf 90' lang='lat' dir='ltr'>Nunc</span> <span class='ocrx_word' id='word_1_128' title='bbox 1220 1227 1473 1283; x_wconf 78' lang='lat' dir='ltr'>reducam</span> <span class='ocrx_word' id='word_1_129' title='bbox 1504 1229 1869 1298; x_wconf 81' lang='lat' dir='ltr'>captivitatem</span> 
     </span>
     <span class='ocr_line' id='line_1_12' title="bbox 287 1316 1874 1390; baseline 0.001 -17"><span class='ocrx_word' id='word_1_130' title='bbox 287 1316 502 1382; x_wconf 72' lang='lat' dir='ltr'>laconi,</span> <span class='ocrx_word' id='word_1_131' title='bbox 533 1329 586 1375; x_wconf 87' lang='lat' dir='ltr'>et</span> <span class='ocrx_word' id='word_1_132' title='bbox 612 1320 916 1376; x_wconf 83' lang='lat' dir='ltr'>miserebor</span> <span class='ocrx_word' id='word_1_133' title='bbox 947 1320 1146 1375; x_wconf 79' lang='lat' dir='ltr'>domus</span> <span class='ocrx_word' id='word_1_134' title='bbox 1176 1318 1414 1385; x_wconf 73' lang='lat' dir='ltr'>lsraeliS,</span> <span class='ocrx_word' id='word_1_135' title='bbox 1436 1320 1519 1390; x_wconf 78' lang='lat' dir='ltr'>(u)</span> <span class='ocrx_word' id='word_1_136' title='bbox 1541 1331 1596 1376; x_wconf 90' lang='lat' dir='ltr'>et</span> <span class='ocrx_word' id='word_1_137' title='bbox 1630 1320 1747 1375; x_wconf 90' lang='lat' dir='ltr'>zelo</span> <span class='ocrx_word' id='word_1_138' title='bbox 1768 1319 1874 1375; x_wconf 81' lang='lat' dir='ltr'>affi-</span> 
     </span>
     <span class='ocr_line' id='line_1_13' title="bbox 287 1409 1873 1482; baseline 0.001 -17"><span class='ocrx_word' id='word_1_139' title='bbox 287 1413 407 1466; x_wconf 86' lang='lat' dir='ltr'>ciat·</span> <span class='ocrx_word' id='word_1_140' title='bbox 431 1420 653 1482; x_wconf 85' lang='lat' dir='ltr'>propter</span> <span class='ocrx_word' id='word_1_141' title='bbox 680 1427 879 1467; x_wconf 91' lang='lat' dir='ltr'>nomen</span> <span class='ocrx_word' id='word_1_142' title='bbox 906 1422 1160 1467; x_wconf 85' lang='lat' dir='ltr'>sanctum</span> <span class='ocrx_word' id='word_1_143' title='bbox 1202 1426 1408 1467; x_wconf 90' lang='lat' dir='ltr'>meum.</span> <span class='ocrx_word' id='word_1_144' title='bbox 1442 1409 1531 1466; x_wconf 77' lang='lat'>26.</span> <span class='ocrx_word' id='word_1_145' title='bbox 1567 1409 1634 1467; x_wconf 83' lang='lat' dir='ltr'>Et</span> <span class='ocrx_word' id='word_1_146' title='bbox 1655 1412 1873 1482; x_wconf 78' lang='lat' dir='ltr'>capient</span> 
     </span>
     <span class='ocr_line' id='line_1_14' title="bbox 287 1502 1876 1574; baseline 0.003 -20"><span class='ocrx_word' id='word_1_147' title='bbox 287 1502 649 1572; x_wconf 81' lang='lat' dir='ltr'>ignominiam</span> <span class='ocrx_word' id='word_1_148' title='bbox 686 1517 867 1570; x_wconf 85' lang='lat' dir='ltr'>suam,</span> <span class='ocrx_word' id='word_1_149' title='bbox 905 1514 960 1559; x_wconf 87' lang='lat' dir='ltr'>et</span> <span class='ocrx_word' id='word_1_150' title='bbox 1010 1503 1357 1572; x_wconf 81' lang='lat' dir='ltr'>injustitiam,</span> <span class='ocrx_word' id='word_1_151' title='bbox 1385 1518 1492 1573; x_wconf 88' lang='lat' dir='ltr'>qna</span> <span class='ocrx_word' id='word_1_152' title='bbox 1524 1502 1728 1571; x_wconf 86' lang='lat' dir='ltr'>injuste</span> <span class='ocrx_word' id='word_1_153' title='bbox 1755 1518 1876 1574; x_wconf 86' lang='lat' dir='ltr'>ege-</span> 
     </span>
     <span class='ocr_line' id='line_1_15' title="bbox 284 1595 1874 1665; baseline 0.002 -17"><span class='ocrx_word' id='word_1_154' title='bbox 284 1601 438 1654; x_wconf 83' lang='lat' dir='ltr'>runt.</span> <span class='ocrx_word' id='word_1_155' title='bbox 471 1609 597 1649; x_wconf 78' lang='lat' dir='ltr'>cum</span> <span class='ocrx_word' id='word_1_156' title='bbox 633 1595 1001 1651; x_wconf 79' lang='lat' dir='ltr'>habitaverint</span> <span class='ocrx_word' id='word_1_157' title='bbox 1039 1595 1118 1651; x_wconf 84' lang='lat' dir='ltr'>illi</span> <span class='ocrx_word' id='word_1_158' title='bbox 1158 1611 1323 1665; x_wconf 87' lang='lat' dir='ltr'>super</span> <span class='ocrx_word' id='word_1_159' title='bbox 1355 1604 1557 1650; x_wconf 87' lang='lat' dir='ltr'>terram</span> <span class='ocrx_word' id='word_1_160' title='bbox 1593 1610 1748 1650; x_wconf 82' lang='lat' dir='ltr'>suam</span> <span class='ocrx_word' id='word_1_161' title='bbox 1780 1612 1874 1651; x_wconf 89' lang='lat' dir='ltr'>su-</span> 
     </span>
     <span class='ocr_line' id='line_1_16' title="bbox 283 1688 1870 1756; baseline 0.001 -17"><span class='ocrx_word' id='word_1_162' title='bbox 283 1700 388 1756; x_wconf 83' lang='lat' dir='ltr'>per</span> <span class='ocrx_word' id='word_1_163' title='bbox 409 1701 562 1756; x_wconf 84' lang='lat' dir='ltr'>pace,</span> <span class='ocrx_word' id='word_1_164' title='bbox 593 1693 650 1742; x_wconf 87' lang='lat' dir='ltr'>et</span> <span class='ocrx_word' id='word_1_165' title='bbox 675 1702 782 1741; x_wconf 91' lang='lat' dir='ltr'>non</span> <span class='ocrx_word' id='word_1_166' title='bbox 812 1688 936 1752; x_wconf 86' lang='lat' dir='ltr'>erit,</span> <span class='ocrx_word' id='word_1_167' title='bbox 967 1688 1059 1756; x_wconf 89' lang='lat' dir='ltr'>qui</span> <span class='ocrx_word' id='word_1_168' title='bbox 1091 1696 1383 1752; x_wconf 74' lang='lat' dir='ltr'>exterreat,</span> <span class='ocrx_word' id='word_1_169' title='bbox 1410 1688 1502 1744; x_wconf 76' lang='lat'>27.</span> <span class='ocrx_word' id='word_1_170' title='bbox 1535 1703 1659 1743; x_wconf 90' lang='lat' dir='ltr'>cum</span> <span class='ocrx_word' id='word_1_171' title='bbox 1705 1688 1870 1742; x_wconf 85' lang='lat' dir='ltr'>redu-</span> 
     </span>
     <span class='ocr_line' id='line_1_17' title="bbox 288 1778 1870 1851; baseline 0.002 -22"><span class='ocrx_word' id='word_1_172' title='bbox 288 1790 426 1830; x_wconf 79' lang='lat' dir='ltr'>xero</span> <span class='ocrx_word' id='word_1_173' title='bbox 454 1790 548 1832; x_wconf 84' lang='lat' dir='ltr'>eos</span> <span class='ocrx_word' id='word_1_174' title='bbox 573 1789 638 1832; x_wconf 79' lang='lat' dir='ltr'>ex</span> <span class='ocrx_word' id='word_1_175' title='bbox 672 1778 947 1846; x_wconf 85' lang='lat' dir='ltr'>gentibus,</span> <span class='ocrx_word' id='word_1_176' title='bbox 980 1786 1035 1834; x_wconf 92' lang='lat' dir='ltr'>ct</span> <span class='ocrx_word' id='word_1_177' title='bbox 1057 1793 1459 1851; x_wconf 79' lang='lat' dir='ltr'>congregavero</span> <span class='ocrx_word' id='word_1_178' title='bbox 1488 1795 1583 1835; x_wconf 86' lang='lat' dir='ltr'>eos</span> <span class='ocrx_word' id='word_1_179' title='bbox 1607 1795 1674 1835; x_wconf 86' lang='lat' dir='ltr'>ex</span> <span class='ocrx_word' id='word_1_180' title='bbox 1705 1779 1870 1851; x_wconf 75' lang='lat' dir='ltr'>regio·</span> 
     </span>
     <span class='ocr_line' id='line_1_18' title="bbox 289 1864 1872 1943; baseline 0.005 -24"><span class='ocrx_word' id='word_1_181' title='bbox 289 1864 456 1921; x_wconf 82' lang='lat' dir='ltr'>nibus</span> <span class='ocrx_word' id='word_1_182' title='bbox 483 1867 726 1936; x_wconf 84' lang='lat' dir='ltr'>gentium</span> <span class='ocrx_word' id='word_1_183' title='bbox 758 1884 772 1922; x_wconf 89' lang='lat'>:</span> <span class='ocrx_word' id='word_1_184' title='bbox 812 1878 867 1926; x_wconf 90' lang='lat' dir='ltr'>et</span> <span class='ocrx_word' id='word_1_185' title='bbox 895 1871 1281 1927; x_wconf 79' lang='lat' dir='ltr'>sanctificabor</span> <span class='ocrx_word' id='word_1_186' title='bbox 1306 1872 1360 1927; x_wconf 92' lang='lat' dir='ltr'>in</span> <span class='ocrx_word' id='word_1_187' title='bbox 1409 1873 1490 1928; x_wconf 89' lang='lat' dir='ltr'>eis</span> <span class='ocrx_word' id='word_1_188' title='bbox 1522 1888 1705 1928; x_wconf 86' lang='lat' dir='ltr'>coram</span> <span class='ocrx_word' id='word_1_189' title='bbox 1742 1889 1872 1943; x_wconf 86' lang='lat' dir='ltr'>gen-</span> 
     </span>
     <span class='ocr_line' id='line_1_19' title="bbox 287 1959 1870 2036; baseline 0.004 -21"><span class='ocrx_word' id='word_1_190' title='bbox 287 1959 463 2016; x_wconf 76' lang='lat' dir='ltr'>tibus.</span> <span class='ocrx_word' id='word_1_191' title='bbox 490 1959 580 2016; x_wconf 75' lang='lat'>28.</span> <span class='ocrx_word' id='word_1_192' title='bbox 611 1961 677 2017; x_wconf 80' lang='lat' dir='ltr'>Et</span> <span class='ocrx_word' id='word_1_193' title='bbox 702 1964 895 2028; x_wconf 85' lang='lat' dir='ltr'>scient,</span> <span class='ocrx_word' id='word_1_194' title='bbox 924 1964 1071 2035; x_wconf 85' lang='lat' dir='ltr'>quod</span> <span class='ocrx_word' id='word_1_195' title='bbox 1114 1980 1216 2036; x_wconf 85' lang='lat' dir='ltr'>ego</span> <span class='ocrx_word' id='word_1_196' title='bbox 1268 1979 1390 2020; x_wconf 89' lang='lat' dir='ltr'>sum</span> <span class='ocrx_word' id='word_1_197' title='bbox 1430 1965 1695 2021; x_wconf 80' lang='lat' dir='ltr'>Dominus</span> <span class='ocrx_word' id='word_1_198' title='bbox 1726 1966 1870 2022; x_wconf 87' lang='lat' dir='ltr'>Deus</span> 
     </span>
     <span class='ocr_line' id='line_1_20' title="bbox 289 2057 1874 2127; baseline 0.004 -21"><span class='ocrx_word' id='word_1_199' title='bbox 289 2065 506 2116; x_wconf 85' lang='lat' dir='ltr'>corum,</span> <span class='ocrx_word' id='word_1_200' title='bbox 563 2067 688 2108; x_wconf 89' lang='lat' dir='ltr'>cnm</span> <span class='ocrx_word' id='word_1_201' title='bbox 721 2069 1026 2123; x_wconf 73' lang='lat' dir='ltr'>apparuero</span> <span class='ocrx_word' id='word_1_202' title='bbox 1052 2057 1132 2110; x_wconf 90' lang='lat' dir='ltr'>eis</span> <span class='ocrx_word' id='word_1_203' title='bbox 1178 2059 1231 2111; x_wconf 92' lang='lat' dir='ltr'>in</span> <span class='ocrx_word' id='word_1_204' title='bbox 1263 2057 1536 2127; x_wconf 81' lang='lat' dir='ltr'>gentibus,</span> <span class='ocrx_word' id='word_1_205' title='bbox 1579 2061 1646 2124; x_wconf 65' lang='lat'>3⁹(</span> <span class='ocrx_word' id='word_1_206' title='bbox 1673 2067 1725 2112; x_wconf 91' lang='lat' dir='ltr'>ct</span> <span class='ocrx_word' id='word_1_207' title='bbox 1748 2072 1874 2112; x_wconf 86' lang='lat' dir='ltr'>con·</span> 
     </span>
     <span class='ocr_line' id='line_1_21' title="bbox 291 2141 1872 2216; baseline 0.006 -24"><span class='ocrx_word' id='word_1_208' title='bbox 291 2141 534 2212; x_wconf 83' lang='lat' dir='ltr'>gregabo</span> <span class='ocrx_word' id='word_1_209' title='bbox 561 2156 659 2197; x_wconf 85' lang='lat' dir='ltr'>eos</span> <span class='ocrx_word' id='word_1_210' title='bbox 700 2144 723 2212; x_wconf 70' lang='grc' dir='ltr'><strong>ζ</strong></span> <span class='ocrx_word' id='word_1_211' title='bbox 758 2158 924 2212; x_wconf 86' lang='lat' dir='ltr'>super</span> <span class='ocrx_word' id='word_1_212' title='bbox 958 2153 1158 2199; x_wconf 86' lang='lat' dir='ltr'>terram</span> <span class='ocrx_word' id='word_1_213' title='bbox 1191 2161 1406 2210; x_wconf 89' lang='lat' dir='ltr'>eorum,</span> <span class='ocrx_word' id='word_1_214' title='bbox 1441 2149 1509 2216; x_wconf 58' lang='grc' dir='ltr'>Χ</span> <span class='ocrx_word' id='word_1_215' title='bbox 1536 2157 1587 2202; x_wconf 89' lang='lat' dir='ltr'>ct</span> <span class='ocrx_word' id='word_1_216' title='bbox 1629 2161 1735 2201; x_wconf 88' lang='lat' dir='ltr'>non</span> <span class='ocrx_word' id='word_1_217' title='bbox 1787 2163 1872 2202; x_wconf 89' lang='lat' dir='ltr'>rc-</span> 
     </span>
     <span class='ocr_line' id='line_1_22' title="bbox 293 2232 1868 2306; baseline 0.004 -20"><span class='ocrx_word' id='word_1_218' title='bbox 293 2232 539 2303; x_wconf 85' lang='lat' dir='ltr'>linquam</span> <span class='ocrx_word' id='word_1_219' title='bbox 572 2234 807 2304; x_wconf 85' lang='lat' dir='ltr'>amplius</span> <span class='ocrx_word' id='word_1_220' title='bbox 831 2235 899 2290; x_wconf 87' lang='lat' dir='ltr'>ab</span> <span class='ocrx_word' id='word_1_221' title='bbox 929 2235 1009 2292; x_wconf 88' lang='lat' dir='ltr'>eis</span> <span class='ocrx_word' id='word_1_222' title='bbox 1039 2236 1112 2290; x_wconf 68' lang='lat' dir='ltr'>ilii</span> <span class='ocrx_word' id='word_1_223' title='bbox 1139 2235 1162 2306; x_wconf 69' lang='grc' dir='ltr'>ζ</span> <span class='ocrx_word' id='word_1_224' title='bbox 1199 2255 1213 2292; x_wconf 87' lang='lat'>:</span> <span class='ocrx_word' id='word_1_225' title='bbox 1250 2237 1340 2293; x_wconf 74' lang='lat'>29.</span> <span class='ocrx_word' id='word_1_226' title='bbox 1397 2246 1451 2293; x_wconf 87' lang='lat' dir='ltr'>et</span> <span class='ocrx_word' id='word_1_227' title='bbox 1496 2255 1601 2293; x_wconf 90' lang='lat' dir='ltr'>non</span> <span class='ocrx_word' id='word_1_228' title='bbox 1628 2250 1868 2296; x_wconf 78' lang='lat' dir='ltr'>avertam</span> 
     </span>
     <span class='ocr_line' id='line_1_23' title="bbox 291 2323 1874 2403; baseline 0.005 -26"><span class='ocrx_word' id='word_1_229' title='bbox 291 2324 526 2395; x_wconf 80' lang='lat' dir='ltr'>amplius</span> <span class='ocrx_word' id='word_1_230' title='bbox 558 2323 750 2382; x_wconf 85' lang='lat' dir='ltr'>l&#39;aeiem</span> <span class='ocrx_word' id='word_1_231' title='bbox 785 2341 960 2382; x_wconf 80' lang='lat' dir='ltr'>meam</span> <span class='ocrx_word' id='word_1_232' title='bbox 1000 2329 1069 2383; x_wconf 88' lang='lat' dir='ltr'>ab</span> <span class='ocrx_word' id='word_1_233' title='bbox 1094 2329 1193 2393; x_wconf 70' lang='grc' dir='ltr'><strong>εἰς,</strong></span> <span class='ocrx_word' id='word_1_234' title='bbox 1233 2329 1313 2403; x_wconf 72' lang='lat' dir='ltr'>(x)</span> <span class='ocrx_word' id='word_1_235' title='bbox 1344 2345 1443 2400; x_wconf 88' lang='lat' dir='ltr'>pro</span> <span class='ocrx_word' id='word_1_236' title='bbox 1466 2345 1532 2387; x_wconf 90' lang='lat' dir='ltr'>eo</span> <span class='ocrx_word' id='word_1_237' title='bbox 1558 2331 1701 2401; x_wconf 84' lang='lat' dir='ltr'>qnod</span> <span class='ocrx_word' id='word_1_238' title='bbox 1744 2331 1874 2386; x_wconf 68' lang='lat' dir='ltr'>elfu-</span> 
     </span>
     <span class='ocr_line' id='line_1_24' title="bbox 286 2414 1872 2492; baseline 0.006 -22"><span class='ocrx_word' id='word_1_239' title='bbox 286 2414 462 2470; x_wconf 86' lang='lat' dir='ltr'>derim</span> <span class='ocrx_word' id='word_1_240' title='bbox 496 2415 736 2473; x_wconf 73' lang='lat' dir='ltr'>furorem</span> <span class='ocrx_word' id='word_1_241' title='bbox 767 2433 949 2475; x_wconf 91' lang='lat' dir='ltr'>meum</span> <span class='ocrx_word' id='word_1_242' title='bbox 983 2435 1150 2492; x_wconf 86' lang='lat' dir='ltr'>super</span> <span class='ocrx_word' id='word_1_243' title='bbox 1173 2423 1397 2478; x_wconf 90' lang='lat' dir='ltr'>domum</span> <span class='ocrx_word' id='word_1_244' title='bbox 1446 2420 1663 2480; x_wconf 78' lang='lat' dir='ltr'>Israelis</span> <span class='ocrx_word' id='word_1_245' title='bbox 1690 2462 1704 2489; x_wconf 87' lang='lat'>,</span> <span class='ocrx_word' id='word_1_246' title='bbox 1740 2425 1872 2481; x_wconf 86' lang='lat' dir='ltr'>dicit</span> 
     </span>
     <span class='ocr_line' id='line_1_25' title="bbox 285 2506 867 2567; baseline 0.012 -7"><span class='ocrx_word' id='word_1_247' title='bbox 285 2506 558 2562; x_wconf 84' lang='lat' dir='ltr'>Dominus</span> <span class='ocrx_word' id='word_1_248' title='bbox 586 2507 867 2567; x_wconf 87' lang='lat' dir='ltr'>Dominus.</span> 
     </span>
    </p>

    <p class='ocr_par' dir='ltr' id='par_1_5' title="bbox 281 2598 1871 3049">
     <span class='ocr_line' id='line_1_26' title="bbox 353 2598 1871 2682; baseline 0.011 -30"><span class='ocrx_word' id='word_1_249' title='bbox 353 2598 494 2670; x_wconf 82' lang='lat' dir='ltr'>Gap.</span> <span class='ocrx_word' id='word_1_250' title='bbox 527 2598 643 2654; x_wconf 73' lang='lat' dir='ltr'>xt..</span> <span class='ocrx_word' id='word_1_251' title='bbox 673 2632 745 2645; x_wconf 90' lang='lat'>—</span> <span class='ocrx_word' id='word_1_252' title='bbox 765 2603 815 2658; x_wconf 90' lang='grc'>1.</span> <span class='ocrx_word' id='word_1_253' title='bbox 845 2603 906 2659; x_wconf 84' lang='lat' dir='ltr'>Et</span> <span class='ocrx_word' id='word_1_254' title='bbox 929 2604 1134 2662; x_wconf 80' lang='lat' dir='ltr'>sactum</span> <span class='ocrx_word' id='word_1_255' title='bbox 1160 2617 1247 2663; x_wconf 89' lang='lat' dir='ltr'>est</span> <span class='ocrx_word' id='word_1_256' title='bbox 1281 2608 1334 2663; x_wconf 91' lang='lat' dir='ltr'>in</span> <span class='ocrx_word' id='word_1_257' title='bbox 1357 2624 1502 2665; x_wconf 90' lang='lat' dir='ltr'>anno</span> <span class='ocrx_word' id='word_1_258' title='bbox 1530 2609 1797 2682; x_wconf 77' lang='lat' dir='ltr'>vigesimo</span> <span class='ocrx_word' id='word_1_259' title='bbox 1816 2621 1871 2668; x_wconf 89' lang='lat' dir='ltr'>et</span> 
     </span>
     <span class='ocr_line' id='line_1_27' title="bbox 284 2689 1870 2773; baseline 0.01 -28"><span class='ocrx_word' id='word_1_260' title='bbox 284 2689 479 2762; x_wconf 80' lang='lat' dir='ltr'>quinto</span> <span class='ocrx_word' id='word_1_261' title='bbox 504 2693 837 2763; x_wconf 78' lang='lat' dir='ltr'>captivitatis</span> <span class='ocrx_word' id='word_1_262' title='bbox 863 2708 1085 2764; x_wconf 81' lang='lat' dir='ltr'>nostrae,</span> <span class='ocrx_word' id='word_1_263' title='bbox 1115 2701 1196 2772; x_wconf 78' lang='lat' dir='ltr'>(y)</span> <span class='ocrx_word' id='word_1_264' title='bbox 1225 2700 1279 2756; x_wconf 90' lang='lat' dir='ltr'>in</span> <span class='ocrx_word' id='word_1_265' title='bbox 1308 2716 1495 2758; x_wconf 87' lang='lat' dir='ltr'>mense</span> <span class='ocrx_word' id='word_1_266' title='bbox 1546 2702 1746 2773; x_wconf 87' lang='lat' dir='ltr'>primo,</span> <span class='ocrx_word' id='word_1_267' title='bbox 1775 2704 1870 2760; x_wconf 91' lang='lat' dir='ltr'>de-</span> 
     </span>
     <span class='ocr_line' id='line_1_28' title="bbox 284 2782 1867 2869; baseline 0.011 -32"><span class='ocrx_word' id='word_1_268' title='bbox 284 2782 433 2838; x_wconf 87' lang='lat' dir='ltr'>cimo</span> <span class='ocrx_word' id='word_1_269' title='bbox 455 2785 681 2851; x_wconf 82' lang='lat' dir='ltr'>mensis,</span> <span class='ocrx_word' id='word_1_270' title='bbox 713 2786 767 2841; x_wconf 90' lang='lat' dir='ltr'>in</span> <span class='ocrx_word' id='word_1_271' title='bbox 798 2803 943 2844; x_wconf 92' lang='lat' dir='ltr'>anno</span> <span class='ocrx_word' id='word_1_272' title='bbox 974 2801 1166 2860; x_wconf 87' lang='lat' dir='ltr'>quarto</span> <span class='ocrx_word' id='word_1_273' title='bbox 1198 2793 1427 2859; x_wconf 88' lang='lat' dir='ltr'>decimo,</span> <span class='ocrx_word' id='word_1_274' title='bbox 1455 2806 1580 2866; x_wconf 89' lang='lat' dir='ltr'>post</span> <span class='ocrx_word' id='word_1_275' title='bbox 1606 2796 1867 2869; x_wconf 84' lang='lat' dir='ltr'>subjuga-</span> 
     </span>
     <span class='ocr_line' id='line_1_29' title="bbox 281 2874 1867 2958; baseline 0.011 -28"><span class='ocrx_word' id='word_1_276' title='bbox 281 2874 489 2932; x_wconf 80' lang='lat' dir='ltr'>tionem</span> <span class='ocrx_word' id='word_1_277' title='bbox 519 2878 693 2944; x_wconf 85' lang='lat' dir='ltr'>urbis,</span> <span class='ocrx_word' id='word_1_278' title='bbox 728 2878 783 2934; x_wconf 91' lang='lat' dir='ltr'>in</span> <span class='ocrx_word' id='word_1_279' title='bbox 811 2881 900 2937; x_wconf 91' lang='lat' dir='ltr'>die</span> <span class='ocrx_word' id='word_1_280' title='bbox 931 2883 1026 2936; x_wconf 91' lang='lat' dir='ltr'>illo</span> <span class='ocrx_word' id='word_1_281' title='bbox 1066 2882 1207 2940; x_wconf 81' lang='lat' dir='ltr'>sacta</span> <span class='ocrx_word' id='word_1_282' title='bbox 1237 2893 1323 2943; x_wconf 88' lang='lat' dir='ltr'>est</span> <span class='ocrx_word' id='word_1_283' title='bbox 1355 2903 1523 2958; x_wconf 86' lang='lat' dir='ltr'>super</span> <span class='ocrx_word' id='word_1_284' title='bbox 1559 2905 1646 2945; x_wconf 91' lang='lat' dir='ltr'>me</span> <span class='ocrx_word' id='word_1_285' title='bbox 1669 2906 1867 2948; x_wconf 85' lang='lat' dir='ltr'>manus</span> 
     </span>
     <span class='ocr_line' id='line_1_30' title="bbox 283 2962 1862 3049; baseline 0.011 -31"><span class='ocrx_word' id='word_1_286' title='bbox 283 2962 525 3030; x_wconf 82' lang='lat' dir='ltr'>Domini,</span> <span class='ocrx_word' id='word_1_287' title='bbox 546 2976 603 3022; x_wconf 88' lang='lat' dir='ltr'>et</span> <span class='ocrx_word' id='word_1_288' title='bbox 632 2968 856 3026; x_wconf 82' lang='lat' dir='ltr'>adduxit</span> <span class='ocrx_word' id='word_1_289' title='bbox 884 2986 970 3027; x_wconf 89' lang='lat' dir='ltr'>me</span> <span class='ocrx_word' id='word_1_290' title='bbox 993 2975 1062 3041; x_wconf 62' lang='grc' dir='ltr'>Χ</span> <span class='ocrx_word' id='word_1_291' title='bbox 1085 2973 1226 3049; x_wconf 31' lang='lat' dir='ltr'>‘illuc</span> <span class='ocrx_word' id='word_1_292' title='bbox 1251 2976 1300 3045; x_wconf 69' lang='grc' dir='ltr'><strong>ζ,</strong></span> <span class='ocrx_word' id='word_1_293' title='bbox 1339 2977 1393 3030; x_wconf 76' lang='lat'>2.</span> <span class='ocrx_word' id='word_1_294' title='bbox 1422 2978 1477 3032; x_wconf 90' lang='lat' dir='ltr'>in</span> <span class='ocrx_word' id='word_1_295' title='bbox 1500 2979 1714 3034; x_wconf 82' lang='lat' dir='ltr'>visione</span> <span class='ocrx_word' id='word_1_296' title='bbox 1745 2979 1862 3045; x_wconf 86' lang='lat' dir='ltr'>Dei,</span> 
     </span>
    </p>
   </div>
   <div class='ocr_carea' id='block_1_5' title="bbox 1967 859 3554 3034">
    <p class='ocr_par' dir='ltr' id='par_1_6' title="bbox 1967 859 3554 3034">
     <span class='ocr_line' id='line_1_31' title="bbox 1977 859 3554 932; baseline -0.001 -17"><span class='ocrx_word' id='word_1_297' title='bbox 1977 861 2341 931; x_wconf 84' lang='lat' dir='ltr'>longitndine,</span> <span class='ocrx_word' id='word_1_298' title='bbox 2381 871 2437 917; x_wconf 88' lang='lat' dir='ltr'>et</span> <span class='ocrx_word' id='word_1_299' title='bbox 2472 863 2737 932; x_wconf 81' lang='lat' dir='ltr'>aeqnalem</span> <span class='ocrx_word' id='word_1_300' title='bbox 2782 863 2997 919; x_wconf 88' lang='lat' dir='ltr'>calamo</span> <span class='ocrx_word' id='word_1_301' title='bbox 3034 861 3342 927; x_wconf 80' lang='lat' dir='ltr'>latitudine,</span> <span class='ocrx_word' id='word_1_302' title='bbox 3383 871 3437 917; x_wconf 88' lang='lat' dir='ltr'>et</span> <span class='ocrx_word' id='word_1_303' title='bbox 3464 859 3554 915; x_wconf 86' lang='lat' dir='ltr'>AEl</span> 
     </span>
     <span class='ocr_line' id='line_1_32' title="bbox 1978 952 3551 1023; baseline 0.001 -19"><span class='ocrx_word' id='word_1_304' title='bbox 1978 952 2185 1006; x_wconf 88' lang='lat' dir='ltr'>liminis</span> <span class='ocrx_word' id='word_1_305' title='bbox 2210 967 2240 1006; x_wconf 90' lang='lat' dir='ltr'>e</span> <span class='ocrx_word' id='word_1_306' title='bbox 2271 953 2493 1022; x_wconf 79' lang='lat' dir='ltr'>regione</span> <span class='ocrx_word' id='word_1_307' title='bbox 2537 952 2716 1008; x_wconf 79' lang='lat' dir='ltr'>AElarn</span> <span class='ocrx_word' id='word_1_308' title='bbox 2753 964 2941 1023; x_wconf 83' lang='lat' dir='ltr'>portae,</span> <span class='ocrx_word' id='word_1_309' title='bbox 2977 964 3101 1010; x_wconf 89' lang='lat' dir='ltr'>octo</span> <span class='ocrx_word' id='word_1_310' title='bbox 3126 954 3464 1020; x_wconf 84' lang='lat' dir='ltr'>cubitorum,</span> <span class='ocrx_word' id='word_1_311' title='bbox 3496 952 3551 1007; x_wconf 87' lang='grc'>9.</span> 
     </span>
     <span class='ocr_line' id='line_1_33' title="bbox 1973 1042 3553 1120; baseline 0.003 -23"><span class='ocrx_word' id='word_1_312' title='bbox 1973 1042 2045 1114; x_wconf 79' lang='lat' dir='ltr'>(e)</span> <span class='ocrx_word' id='word_1_313' title='bbox 2065 1052 2115 1097; x_wconf 91' lang='lat' dir='ltr'>et</span> <span class='ocrx_word' id='word_1_314' title='bbox 2136 1044 2267 1097; x_wconf 83' lang='lat' dir='ltr'>Eleu</span> <span class='ocrx_word' id='word_1_315' title='bbox 2294 1043 2528 1099; x_wconf 88' lang='lat' dir='ltr'>duorum</span> <span class='ocrx_word' id='word_1_316' title='bbox 2551 1046 2881 1115; x_wconf 83' lang='lat' dir='ltr'>cubitorum,</span> <span class='ocrx_word' id='word_1_317' title='bbox 2900 1047 2964 1117; x_wconf 69' lang='lat'>(1⁶)</span> <span class='ocrx_word' id='word_1_318' title='bbox 2990 1059 3041 1103; x_wconf 84' lang='lat' dir='ltr'>et</span> <span class='ocrx_word' id='word_1_319' title='bbox 3068 1048 3251 1103; x_wconf 79' lang='lat' dir='ltr'>AElam</span> <span class='ocrx_word' id='word_1_320' title='bbox 3268 1057 3437 1120; x_wconf 70' lang='lat' dir='ltr'>portae</span> <span class='ocrx_word' id='word_1_321' title='bbox 3466 1048 3553 1102; x_wconf 87' lang='lat' dir='ltr'>in·-</span> 
     </span>
     <span class='ocr_line' id='line_1_34' title="bbox 1973 1133 3554 1211; baseline 0.003 -22"><span class='ocrx_word' id='word_1_322' title='bbox 1973 1135 2288 1201; x_wconf 86' lang='lat' dir='ltr'>trinsectts;</span> <span class='ocrx_word' id='word_1_323' title='bbox 2323 1133 2411 1189; x_wconf 87' lang='grc'>10.</span> <span class='ocrx_word' id='word_1_324' title='bbox 2460 1144 2514 1191; x_wconf 90' lang='lat' dir='ltr'>et</span> <span class='ocrx_word' id='word_1_325' title='bbox 2539 1135 2686 1192; x_wconf 82' lang='lat' dir='ltr'>Tbee</span> <span class='ocrx_word' id='word_1_326' title='bbox 2735 1149 2904 1207; x_wconf 82' lang='lat' dir='ltr'>portae</span> <span class='ocrx_word' id='word_1_327' title='bbox 2933 1154 2965 1194; x_wconf 94' lang='lat' dir='ltr'>e</span> <span class='ocrx_word' id='word_1_328' title='bbox 2996 1139 3218 1209; x_wconf 82' lang='lat' dir='ltr'>regione</span> <span class='ocrx_word' id='word_1_329' title='bbox 3242 1139 3392 1211; x_wconf 83' lang='lat' dir='ltr'>ejus‘,</span> <span class='ocrx_word' id='word_1_330' title='bbox 3442 1148 3554 1194; x_wconf 88' lang='lat' dir='ltr'>tres</span> 
     </span>
     <span class='ocr_line' id='line_1_35' title="bbox 1976 1227 3553 1299; baseline 0.005 -19"><span class='ocrx_word' id='word_1_331' title='bbox 1976 1227 2122 1290; x_wconf 78' lang='lat' dir='ltr'>ltine,</span> <span class='ocrx_word' id='word_1_332' title='bbox 2146 1237 2324 1282; x_wconf 87' lang='lat' dir='ltr'>ettres</span> <span class='ocrx_word' id='word_1_333' title='bbox 2344 1228 2468 1283; x_wconf 85' lang='lat' dir='ltr'>inde</span> <span class='ocrx_word' id='word_1_334' title='bbox 2485 1247 2501 1296; x_wconf 86' lang='grc'><strong>;</strong></span> <span class='ocrx_word' id='word_1_335' title='bbox 2519 1238 2573 1284; x_wconf 90' lang='lat' dir='ltr'>et</span> <span class='ocrx_word' id='word_1_336' title='bbox 2598 1245 2855 1286; x_wconf 87' lang='lat' dir='ltr'>mensura</span> <span class='ocrx_word' id='word_1_337' title='bbox 2882 1246 2988 1286; x_wconf 87' lang='lat' dir='ltr'>una</span> <span class='ocrx_word' id='word_1_338' title='bbox 3007 1231 3200 1299; x_wconf 87' lang='lat' dir='ltr'>tribus,</span> <span class='ocrx_word' id='word_1_339' title='bbox 3222 1241 3277 1287; x_wconf 85' lang='lat' dir='ltr'>et</span> <span class='ocrx_word' id='word_1_340' title='bbox 3294 1247 3553 1289; x_wconf 87' lang='lat' dir='ltr'>mensura</span> 
     </span>
     <span class='ocr_line' id='line_1_36' title="bbox 1975 1318 3552 1379; baseline 0.004 -7"><span class='ocrx_word' id='word_1_341' title='bbox 1975 1334 2083 1374; x_wconf 89' lang='lat' dir='ltr'>una</span> <span class='ocrx_word' id='word_1_342' title='bbox 2111 1318 2291 1374; x_wconf 83' lang='lat' dir='ltr'>AElam</span> <span class='ocrx_word' id='word_1_343' title='bbox 2324 1319 2453 1374; x_wconf 88' lang='lat' dir='ltr'>hinc</span> <span class='ocrx_word' id='word_1_344' title='bbox 2481 1328 2537 1375; x_wconf 93' lang='lat' dir='ltr'>et</span> <span class='ocrx_word' id='word_1_345' title='bbox 2557 1320 2704 1375; x_wconf 87' lang='lat' dir='ltr'>inde.</span> <span class='ocrx_word' id='word_1_346' title='bbox 2733 1320 2822 1376; x_wconf 83' lang='lat' dir='ltr'>ll.</span> <span class='ocrx_word' id='word_1_347' title='bbox 2854 1320 2920 1376; x_wconf 84' lang='lat' dir='ltr'>Et</span> <span class='ocrx_word' id='word_1_348' title='bbox 2941 1337 3165 1377; x_wconf 82' lang='lat' dir='ltr'>mensus</span> <span class='ocrx_word' id='word_1_349' title='bbox 3193 1332 3278 1378; x_wconf 87' lang='lat' dir='ltr'>est</span> <span class='ocrx_word' id='word_1_350' title='bbox 3300 1322 3552 1379; x_wconf 79' lang='lat' dir='ltr'>latitudi-</span> 
     </span>
     <span class='ocr_line' id='line_1_37' title="bbox 1973 1409 3554 1479; baseline 0.001 -13"><span class='ocrx_word' id='word_1_351' title='bbox 1973 1425 2101 1466; x_wconf 88' lang='lat' dir='ltr'>nem</span> <span class='ocrx_word' id='word_1_352' title='bbox 2141 1418 2312 1479; x_wconf 82' lang='lat' dir='ltr'>portae</span> <span class='ocrx_word' id='word_1_353' title='bbox 2336 1409 2560 1465; x_wconf 89' lang='lat' dir='ltr'>luminis</span> <span class='ocrx_word' id='word_1_354' title='bbox 2588 1450 2603 1473; x_wconf 86' lang='lat'>,</span> <span class='ocrx_word' id='word_1_355' title='bbox 2632 1410 2819 1465; x_wconf 90' lang='lat' dir='ltr'>decem</span> <span class='ocrx_word' id='word_1_356' title='bbox 2854 1411 3189 1474; x_wconf 86' lang='lat' dir='ltr'>cubitorum,</span> <span class='ocrx_word' id='word_1_357' title='bbox 3223 1422 3277 1468; x_wconf 89' lang='lat' dir='ltr'>et</span> <span class='ocrx_word' id='word_1_358' title='bbox 3300 1412 3554 1468; x_wconf 85' lang='lat' dir='ltr'>latitudi-</span> 
     </span>
     <span class='ocr_line' id='line_1_38' title="bbox 1975 1500 3550 1574; baseline 0.004 -19"><span class='ocrx_word' id='word_1_359' title='bbox 1975 1516 2100 1556; x_wconf 90' lang='lat' dir='ltr'>nem</span> <span class='ocrx_word' id='word_1_360' title='bbox 2132 1509 2323 1571; x_wconf 82' lang='lat' dir='ltr'>portae,</span> <span class='ocrx_word' id='word_1_361' title='bbox 2358 1501 2619 1556; x_wconf 75' lang='lat' dir='ltr'>tredecim</span> <span class='ocrx_word' id='word_1_362' title='bbox 2651 1500 2986 1566; x_wconf 88' lang='lat' dir='ltr'>cubitorum,</span> <span class='ocrx_word' id='word_1_363' title='bbox 3024 1502 3112 1556; x_wconf 70' lang='lat'>¹2.</span> <span class='ocrx_word' id='word_1_364' title='bbox 3150 1502 3222 1574; x_wconf 80' lang='lat'>(9)</span> <span class='ocrx_word' id='word_1_365' title='bbox 3249 1512 3303 1558; x_wconf 79' lang='lat' dir='ltr'>et</span> <span class='ocrx_word' id='word_1_366' title='bbox 3332 1505 3550 1561; x_wconf 83' lang='lat' dir='ltr'>cubitus</span> 
     </span>
     <span class='ocr_line' id='line_1_39' title="bbox 1974 1591 3547 1663; baseline 0.001 -14"><span class='ocrx_word' id='word_1_367' title='bbox 1974 1593 2401 1649; x_wconf 85' lang='lat' dir='ltr'>contrahebatur</span> <span class='ocrx_word' id='word_1_368' title='bbox 2422 1608 2613 1649; x_wconf 82' lang='lat' dir='ltr'>versus</span> <span class='ocrx_word' id='word_1_369' title='bbox 2633 1591 2825 1647; x_wconf 77' lang='lat' dir='ltr'>faciem</span> <span class='ocrx_word' id='word_1_370' title='bbox 2849 1592 3063 1657; x_wconf 84' lang='lat' dir='ltr'>Theim‚</span> <span class='ocrx_word' id='word_1_371' title='bbox 3085 1597 3151 1661; x_wconf 50' lang='grc' dir='ltr'>Β(</span> <span class='ocrx_word' id='word_1_372' title='bbox 3174 1594 3345 1650; x_wconf 90' lang='lat' dir='ltr'>cubiti</span> <span class='ocrx_word' id='word_1_373' title='bbox 3361 1596 3547 1663; x_wconf 86' lang='lat' dir='ltr'>unius,</span> 
     </span>
     <span class='ocr_line' id='line_1_40' title="bbox 1971 1681 3545 1754; baseline 0 -14"><span class='ocrx_word' id='word_1_374' title='bbox 1971 1693 2028 1740; x_wconf 79' lang='lat' dir='ltr'>et</span> <span class='ocrx_word' id='word_1_375' title='bbox 2052 1682 2217 1738; x_wconf 78' lang='lat' dir='ltr'>cubiti</span> <span class='ocrx_word' id='word_1_376' title='bbox 2246 1684 2426 1749; x_wconf 75' lang='lat' dir='ltr'>uniuS,</span> <span class='ocrx_word' id='word_1_377' title='bbox 2452 1682 2715 1738; x_wconf 84' lang='lat' dir='ltr'>terminus</span> <span class='ocrx_word' id='word_1_378' title='bbox 2746 1681 2873 1737; x_wconf 85' lang='lat' dir='ltr'>ltine</span> <span class='ocrx_word' id='word_1_379' title='bbox 2893 1690 2947 1737; x_wconf 88' lang='lat' dir='ltr'>et</span> <span class='ocrx_word' id='word_1_380' title='bbox 2974 1681 3101 1738; x_wconf 83' lang='lat' dir='ltr'>inde</span> <span class='ocrx_word' id='word_1_381' title='bbox 3131 1683 3180 1753; x_wconf 70' lang='grc' dir='ltr'><strong>ζ,</strong></span> <span class='ocrx_word' id='word_1_382' title='bbox 3213 1684 3289 1754; x_wconf 80' lang='lat' dir='ltr'>(h)</span> <span class='ocrx_word' id='word_1_383' title='bbox 3312 1693 3372 1740; x_wconf 86' lang='lat' dir='ltr'>et</span> <span class='ocrx_word' id='word_1_384' title='bbox 3392 1683 3545 1740; x_wconf 83' lang='lat' dir='ltr'>Thau</span> 
     </span>
     <span class='ocr_line' id='line_1_41' title="bbox 1974 1775 3549 1839; baseline 0.001 -8"><span class='ocrx_word' id='word_1_385' title='bbox 1974 1775 2285 1831; x_wconf 84' lang='lat' dir='ltr'>cubitorum</span> <span class='ocrx_word' id='word_1_386' title='bbox 2322 1790 2417 1830; x_wconf 81' lang='lat' dir='ltr'>sex</span> <span class='ocrx_word' id='word_1_387' title='bbox 2448 1775 2596 1839; x_wconf 86' lang='lat' dir='ltr'>hinc,</span> <span class='ocrx_word' id='word_1_388' title='bbox 2624 1783 2679 1829; x_wconf 88' lang='lat' dir='ltr'>et</span> <span class='ocrx_word' id='word_1_389' title='bbox 2710 1775 3024 1830; x_wconf 87' lang='lat' dir='ltr'>cubitorum</span> <span class='ocrx_word' id='word_1_390' title='bbox 3050 1792 3146 1832; x_wconf 83' lang='lat' dir='ltr'>sex</span> <span class='ocrx_word' id='word_1_391' title='bbox 3178 1775 3326 1831; x_wconf 86' lang='lat' dir='ltr'>iude.</span> <span class='ocrx_word' id='word_1_392' title='bbox 3353 1777 3440 1832; x_wconf 78' lang='lat'>¹5.</span> <span class='ocrx_word' id='word_1_393' title='bbox 3480 1776 3549 1832; x_wconf 89' lang='lat' dir='ltr'>Et</span> 
     </span>
     <span class='ocr_line' id='line_1_42' title="bbox 1973 1867 3545 1941; baseline 0.002 -19"><span class='ocrx_word' id='word_1_394' title='bbox 1973 1883 2199 1923; x_wconf 80' lang='lat' dir='ltr'>mensus</span> <span class='ocrx_word' id='word_1_395' title='bbox 2222 1876 2306 1922; x_wconf 86' lang='lat' dir='ltr'>est</span> <span class='ocrx_word' id='word_1_396' title='bbox 2332 1877 2541 1936; x_wconf 87' lang='lat' dir='ltr'>portam</span> <span class='ocrx_word' id='word_1_397' title='bbox 2564 1882 2596 1922; x_wconf 88' lang='lat' dir='ltr'>a</span> <span class='ocrx_word' id='word_1_398' title='bbox 2625 1883 2782 1923; x_wconf 92' lang='lat' dir='ltr'>muro</span> <span class='ocrx_word' id='word_1_399' title='bbox 2813 1867 2961 1924; x_wconf 82' lang='lat' dir='ltr'>Thee</span> <span class='ocrx_word' id='word_1_400' title='bbox 2991 1884 3166 1940; x_wconf 82' lang='lat' dir='ltr'>usque</span> <span class='ocrx_word' id='word_1_401' title='bbox 3191 1869 3258 1925; x_wconf 86' lang='lat' dir='ltr'>ad</span> <span class='ocrx_word' id='word_1_402' title='bbox 3284 1870 3545 1941; x_wconf 83' lang='lat' dir='ltr'>parietem</span> 
     </span>
     <span class='ocr_line' id='line_1_43' title="bbox 1974 1957 3543 2029; baseline 0.002 -17"><span class='ocrx_word' id='word_1_403' title='bbox 1974 1959 2149 2024; x_wconf 80' lang='lat' dir='ltr'>Thee,</span> <span class='ocrx_word' id='word_1_404' title='bbox 2188 1957 2532 2013; x_wconf 87' lang='lat' dir='ltr'>latitudinem</span> <span class='ocrx_word' id='word_1_405' title='bbox 2564 1958 2756 2029; x_wconf 82' lang='lat' dir='ltr'>viginti</span> <span class='ocrx_word' id='word_1_406' title='bbox 2809 1969 2862 2014; x_wconf 91' lang='lat' dir='ltr'>et</span> <span class='ocrx_word' id='word_1_407' title='bbox 2896 1959 3143 2029; x_wconf 85' lang='lat' dir='ltr'>quinque</span> <span class='ocrx_word' id='word_1_408' title='bbox 3179 1959 3494 2016; x_wconf 87' lang='lat' dir='ltr'>cubitorum</span> <span class='ocrx_word' id='word_1_409' title='bbox 3530 1980 3543 2015; x_wconf 77' lang='lat' dir='ltr'>z</span> 
     </span>
     <span class='ocr_line' id='line_1_44' title="bbox 1974 2048 3546 2121; baseline 0.001 -18"><span class='ocrx_word' id='word_1_410' title='bbox 1974 2049 2092 2104; x_wconf 71' lang='lat' dir='ltr'>lizec</span> <span class='ocrx_word' id='word_1_411' title='bbox 2118 2057 2278 2117; x_wconf 86' lang='lat' dir='ltr'>porta</span> <span class='ocrx_word' id='word_1_412' title='bbox 2312 2063 2473 2117; x_wconf 87' lang='lat' dir='ltr'>super</span> <span class='ocrx_word' id='word_1_413' title='bbox 2507 2057 2739 2119; x_wconf 88' lang='lat' dir='ltr'>portam,</span> <span class='ocrx_word' id='word_1_414' title='bbox 2776 2048 2861 2103; x_wconf 65' lang='grc'>14.</span> <span class='ocrx_word' id='word_1_415' title='bbox 2892 2049 2960 2121; x_wconf 80' lang='grc' dir='ltr'>(ἰ)</span> <span class='ocrx_word' id='word_1_416' title='bbox 2993 2059 3049 2105; x_wconf 92' lang='lat' dir='ltr'>et</span> <span class='ocrx_word' id='word_1_417' title='bbox 3092 2049 3337 2105; x_wconf 78' lang='lat' dir='ltr'>subdiale</span> <span class='ocrx_word' id='word_1_418' title='bbox 3364 2049 3546 2105; x_wconf 85' lang='lat' dir='ltr'>AElam</span> 
     </span>
     <span class='ocr_line' id='line_1_45' title="bbox 1973 2139 3545 2211; baseline 0.004 -19"><span class='ocrx_word' id='word_1_419' title='bbox 1973 2149 2162 2210; x_wconf 66' lang='lat' dir='ltr'>portae,</span> <span class='ocrx_word' id='word_1_420' title='bbox 2189 2139 2470 2209; x_wconf 83' lang='lat' dir='ltr'>sexaginta</span> <span class='ocrx_word' id='word_1_421' title='bbox 2502 2142 2567 2207; x_wconf 57' lang='lat' dir='ltr'>&gt;tr</span> <span class='ocrx_word' id='word_1_422' title='bbox 2595 2148 2650 2194; x_wconf 92' lang='lat' dir='ltr'>et</span> <span class='ocrx_word' id='word_1_423' title='bbox 2672 2140 2914 2211; x_wconf 83' lang='lat' dir='ltr'>quinque</span> <span class='ocrx_word' id='word_1_424' title='bbox 2939 2142 2961 2210; x_wconf 70' lang='grc' dir='ltr'>ζ</span> <span class='ocrx_word' id='word_1_425' title='bbox 2987 2142 3155 2197; x_wconf 85' lang='lat' dir='ltr'>cubiti</span> <span class='ocrx_word' id='word_1_426' title='bbox 3179 2142 3545 2206; x_wconf 80' lang='lat' dir='ltr'>extrinsecus.</span> 
     </span>
     <span class='ocr_line' id='line_1_46' title="bbox 1970 2226 3542 2302; baseline 0.003 -18"><span class='ocrx_word' id='word_1_427' title='bbox 1970 2239 2027 2284; x_wconf 90' lang='lat' dir='ltr'>et</span> <span class='ocrx_word' id='word_1_428' title='bbox 2065 2226 2257 2282; x_wconf 71' lang='lat' dir='ltr'>Tlteirn</span> <span class='ocrx_word' id='word_1_429' title='bbox 2288 2228 2410 2281; x_wconf 87' lang='lat' dir='ltr'>atrii</span> <span class='ocrx_word' id='word_1_430' title='bbox 2442 2237 2607 2299; x_wconf 83' lang='lat' dir='ltr'>portae</span> <span class='ocrx_word' id='word_1_431' title='bbox 2640 2244 2737 2298; x_wconf 84' lang='lat' dir='ltr'>per</span> <span class='ocrx_word' id='word_1_432' title='bbox 2763 2230 3075 2296; x_wconf 87' lang='lat' dir='ltr'>circuitum,</span> <span class='ocrx_word' id='word_1_433' title='bbox 3114 2231 3203 2286; x_wconf 76' lang='lat'>15.</span> <span class='ocrx_word' id='word_1_434' title='bbox 3233 2230 3308 2302; x_wconf 80' lang='lat' dir='ltr'>(k)</span> <span class='ocrx_word' id='word_1_435' title='bbox 3338 2240 3391 2287; x_wconf 86' lang='lat' dir='ltr'>et</span> <span class='ocrx_word' id='word_1_436' title='bbox 3414 2232 3542 2288; x_wconf 84' lang='lat' dir='ltr'>sub·</span> 
     </span>
     <span class='ocr_line' id='line_1_47' title="bbox 1972 2309 3549 2394; baseline 0.002 -19"><span class='ocrx_word' id='word_1_437' title='bbox 1972 2319 2116 2376; x_wconf 89' lang='lat' dir='ltr'>diale</span> <span class='ocrx_word' id='word_1_438' title='bbox 2146 2320 2209 2392; x_wconf 84' lang='lat' dir='ltr'>(l)</span> <span class='ocrx_word' id='word_1_439' title='bbox 2245 2319 2368 2375; x_wconf 83' lang='lat' dir='ltr'>atrii</span> <span class='ocrx_word' id='word_1_440' title='bbox 2402 2320 2745 2376; x_wconf 80' lang='lat' dir='ltr'>extrinsecus</span> <span class='ocrx_word' id='word_1_441' title='bbox 2765 2360 2780 2386; x_wconf 89' lang='lat'>,</span> <span class='ocrx_word' id='word_1_442' title='bbox 2812 2321 2864 2376; x_wconf 89' lang='lat' dir='ltr'>in</span> <span class='ocrx_word' id='word_1_443' title='bbox 2897 2320 3141 2377; x_wconf 81' lang='lat' dir='ltr'>subdiale</span> <span class='ocrx_word' id='word_1_444' title='bbox 3179 2321 3354 2377; x_wconf 86' lang='lat' dir='ltr'>AElam</span> <span class='ocrx_word' id='word_1_445' title='bbox 3377 2309 3549 2394; x_wconf 59' lang='lat' dir='ltr'>portas</span> 
     </span>
     <span class='ocr_line' id='line_1_48' title="bbox 1972 2413 3550 2488; baseline 0.003 -21"><span class='ocrx_word' id='word_1_446' title='bbox 1972 2413 2304 2469; x_wconf 82' lang='lat' dir='ltr'>intrinsecus</span> <span class='ocrx_word' id='word_1_447' title='bbox 2324 2452 2339 2478; x_wconf 88' lang='lat'><strong>‚</strong></span> <span class='ocrx_word' id='word_1_448' title='bbox 2368 2413 2767 2485; x_wconf 82' lang='lat' dir='ltr'>quinquaginta</span> <span class='ocrx_word' id='word_1_449' title='bbox 2812 2415 3142 2471; x_wconf 87' lang='lat' dir='ltr'>cubitorum.</span> <span class='ocrx_word' id='word_1_450' title='bbox 3192 2415 3279 2471; x_wconf 82' lang='grc'>16.</span> <span class='ocrx_word' id='word_1_451' title='bbox 3334 2416 3434 2488; x_wconf 80' lang='lat' dir='ltr'>(m)</span> <span class='ocrx_word' id='word_1_452' title='bbox 3482 2415 3550 2472; x_wconf 82' lang='lat' dir='ltr'>Et</span> 
     </span>
     <span class='ocr_line' id='line_1_49' title="bbox 1971 2503 3545 2578; baseline 0.003 -18"><span class='ocrx_word' id='word_1_453' title='bbox 1971 2504 2226 2561; x_wconf 65' lang='lat' dir='ltr'>fenestrae</span> <span class='ocrx_word' id='word_1_454' title='bbox 2264 2503 2597 2564; x_wconf 75' lang='lat' dir='ltr'>absconditae</span> <span class='ocrx_word' id='word_1_455' title='bbox 2622 2520 2786 2576; x_wconf 89' lang='lat' dir='ltr'>super</span> <span class='ocrx_word' id='word_1_456' title='bbox 2822 2504 3011 2561; x_wconf 78' lang='lat' dir='ltr'>Tlieim</span> <span class='ocrx_word' id='word_1_457' title='bbox 3033 2549 3049 2574; x_wconf 89' lang='lat'>,</span> <span class='ocrx_word' id='word_1_458' title='bbox 3089 2516 3143 2563; x_wconf 87' lang='lat' dir='ltr'>et</span> <span class='ocrx_word' id='word_1_459' title='bbox 3170 2524 3333 2578; x_wconf 86' lang='lat' dir='ltr'>super</span> <span class='ocrx_word' id='word_1_460' title='bbox 3360 2508 3545 2564; x_wconf 82' lang='lat' dir='ltr'>AElam</span> 
     </span>
     <span class='ocr_line' id='line_1_50' title="bbox 1972 2596 3548 2671; baseline 0.001 -18"><span class='ocrx_word' id='word_1_461' title='bbox 1972 2598 2116 2653; x_wconf 86' lang='lat' dir='ltr'>intra</span> <span class='ocrx_word' id='word_1_462' title='bbox 2154 2605 2367 2667; x_wconf 84' lang='lat' dir='ltr'>portam</span> <span class='ocrx_word' id='word_1_463' title='bbox 2406 2596 2531 2652; x_wconf 85' lang='lat' dir='ltr'>atrii</span> <span class='ocrx_word' id='word_1_464' title='bbox 2570 2613 2664 2668; x_wconf 83' lang='lat' dir='ltr'>per</span> <span class='ocrx_word' id='word_1_465' title='bbox 2690 2597 2984 2653; x_wconf 88' lang='lat' dir='ltr'>circuitum</span> <span class='ocrx_word' id='word_1_466' title='bbox 3016 2616 3029 2652; x_wconf 74' lang='grc' dir='ltr'>ε</span> <span class='ocrx_word' id='word_1_467' title='bbox 3056 2608 3113 2654; x_wconf 91' lang='lat' dir='ltr'>et</span> <span class='ocrx_word' id='word_1_468' title='bbox 3139 2599 3548 2671; x_wconf 87' lang='lat' dir='ltr'>similiteripsis</span> 
     </span>
     <span class='ocr_line' id='line_1_51' title="bbox 1970 2687 3542 2763; baseline -0.001 -17"><span class='ocrx_word' id='word_1_469' title='bbox 1970 2690 2149 2746; x_wconf 84' lang='lat' dir='ltr'>AElam</span> <span class='ocrx_word' id='word_1_470' title='bbox 2178 2699 2233 2744; x_wconf 91' lang='lat' dir='ltr'>et</span> <span class='ocrx_word' id='word_1_471' title='bbox 2262 2687 2517 2745; x_wconf 80' lang='lat' dir='ltr'>l&#39;enestroe</span> <span class='ocrx_word' id='word_1_472' title='bbox 2543 2704 2640 2759; x_wconf 88' lang='lat' dir='ltr'>per</span> <span class='ocrx_word' id='word_1_473' title='bbox 2665 2688 2954 2745; x_wconf 88' lang='lat' dir='ltr'>circuitum</span> <span class='ocrx_word' id='word_1_474' title='bbox 2984 2692 3051 2758; x_wconf 67' lang='lat'>3⁸(</span> <span class='ocrx_word' id='word_1_475' title='bbox 3082 2705 3180 2760; x_wconf 89' lang='lat' dir='ltr'>per</span> <span class='ocrx_word' id='word_1_476' title='bbox 3199 2691 3489 2746; x_wconf 88' lang='lat' dir='ltr'>circuitum</span> <span class='ocrx_word' id='word_1_477' title='bbox 3517 2693 3542 2763; x_wconf 66' lang='grc' dir='ltr'>ζ</span> 
     </span>
     <span class='ocr_line' id='line_1_52' title="bbox 1972 2777 3543 2850; baseline -0.002 -14"><span class='ocrx_word' id='word_1_478' title='bbox 1972 2777 2324 2846; x_wconf 74' lang='lat' dir='ltr'>intrinsecus.</span> <span class='ocrx_word' id='word_1_479' title='bbox 2352 2787 2408 2835; x_wconf 88' lang='lat' dir='ltr'>et</span> <span class='ocrx_word' id='word_1_480' title='bbox 2432 2794 2597 2850; x_wconf 86' lang='lat' dir='ltr'>super</span> <span class='ocrx_word' id='word_1_481' title='bbox 2620 2779 2799 2837; x_wconf 81' lang='lat' dir='ltr'>AElatn</span> <span class='ocrx_word' id='word_1_482' title='bbox 2820 2780 3015 2848; x_wconf 81' lang='lat' dir='ltr'>palmae</span> <span class='ocrx_word' id='word_1_483' title='bbox 3035 2781 3165 2837; x_wconf 88' lang='lat' dir='ltr'>hinc</span> <span class='ocrx_word' id='word_1_484' title='bbox 3189 2789 3244 2837; x_wconf 88' lang='lat' dir='ltr'>et</span> <span class='ocrx_word' id='word_1_485' title='bbox 3273 2780 3419 2838; x_wconf 89' lang='lat' dir='ltr'>inde.</span> <span class='ocrx_word' id='word_1_486' title='bbox 3453 2780 3543 2834; x_wconf 83' lang='grc'>17.</span> 
     </span>
     <span class='ocr_line' id='line_1_53' title="bbox 1968 2871 3544 2945; baseline -0.001 -17"><span class='ocrx_word' id='word_1_487' title='bbox 1968 2873 2038 2930; x_wconf 83' lang='lat' dir='ltr'>Et</span> <span class='ocrx_word' id='word_1_488' title='bbox 2074 2873 2379 2930; x_wconf 77' lang='lat' dir='ltr'>introduxit</span> <span class='ocrx_word' id='word_1_489' title='bbox 2424 2887 2513 2928; x_wconf 91' lang='lat' dir='ltr'>me</span> <span class='ocrx_word' id='word_1_490' title='bbox 2550 2873 2606 2927; x_wconf 91' lang='lat' dir='ltr'>in</span> <span class='ocrx_word' id='word_1_491' title='bbox 2640 2872 2843 2928; x_wconf 86' lang='lat' dir='ltr'>atrium</span> <span class='ocrx_word' id='word_1_492' title='bbox 2891 2871 3124 2930; x_wconf 88' lang='lat' dir='ltr'>interius</span> <span class='ocrx_word' id='word_1_493' title='bbox 3150 2912 3164 2938; x_wconf 86' lang='lat'><strong>.</strong></span> <span class='ocrx_word' id='word_1_494' title='bbox 3204 2881 3260 2929; x_wconf 82' lang='lat' dir='ltr'>et</span> <span class='ocrx_word' id='word_1_495' title='bbox 3308 2887 3435 2930; x_wconf 86' lang='lat' dir='ltr'>ecce</span> <span class='ocrx_word' id='word_1_496' title='bbox 3462 2873 3544 2945; x_wconf 83' lang='lat' dir='ltr'>(n)</span> 
     </span>
     <span class='ocr_line' id='line_1_54' title="bbox 1967 2963 3544 3034; baseline -0.003 -12"><span class='ocrx_word' id='word_1_497' title='bbox 1967 2967 2212 3034; x_wconf 67' lang='lat' dir='ltr'>exedrae,</span> <span class='ocrx_word' id='word_1_498' title='bbox 2266 2976 2319 3021; x_wconf 78' lang='lat' dir='ltr'>et</span> <span class='ocrx_word' id='word_1_499' title='bbox 2370 2965 2792 3021; x_wconf 87' lang='lat' dir='ltr'>intercolumnia</span> <span class='ocrx_word' id='word_1_500' title='bbox 2846 2966 2913 3033; x_wconf 59' lang='grc' dir='ltr'>Χ</span> <span class='ocrx_word' id='word_1_501' title='bbox 2965 2963 3108 3021; x_wconf 82' lang='lat' dir='ltr'>l&#39;acta</span> <span class='ocrx_word' id='word_1_502' title='bbox 3152 2964 3175 3033; x_wconf 70' lang='grc' dir='ltr'>ζ</span> <span class='ocrx_word' id='word_1_503' title='bbox 3213 2965 3268 3021; x_wconf 91' lang='lat' dir='ltr'>in</span> <span class='ocrx_word' id='word_1_504' title='bbox 3301 2964 3544 3021; x_wconf 85' lang='lat' dir='ltr'>circuitu</span> 
     </span>
    </p>
   </div>
   <div class='ocr_carea' id='block_1_6' title="bbox 284 3055 3542 3139">
    <p class='ocr_par' dir='ltr' id='par_1_7' title="bbox 284 3055 3542 3139">
     <span class='ocr_line' id='line_1_55' title="bbox 284 3055 3542 3139; baseline -0.001 -24"><span class='ocrx_word' id='word_1_505' title='bbox 284 3062 341 3111; x_wconf 74' lang='grc' dir='ltr'>εῑ</span> <span class='ocrx_word' id='word_1_506' title='bbox 358 3056 583 3112; x_wconf 71' lang='lat' dir='ltr'>adduxit</span> <span class='ocrx_word' id='word_1_507' title='bbox 602 3073 689 3113; x_wconf 88' lang='lat' dir='ltr'>me</span> <span class='ocrx_word' id='word_1_508' title='bbox 714 3067 893 3116; x_wconf 76' lang='lat' dir='ltr'>autem</span> <span class='ocrx_word' id='word_1_509' title='bbox 918 3061 971 3116; x_wconf 92' lang='lat' dir='ltr'>in</span> <span class='ocrx_word' id='word_1_510' title='bbox 1000 3071 1200 3120; x_wconf 84' lang='lat' dir='ltr'>terram</span> <span class='ocrx_word' id='word_1_511' title='bbox 1220 3065 1435 3121; x_wconf 79' lang='lat' dir='ltr'>israelis</span> <span class='ocrx_word' id='word_1_512' title='bbox 1455 3106 1470 3132; x_wconf 93' lang='lat'>,</span> <span class='ocrx_word' id='word_1_513' title='bbox 1500 3069 1574 3138; x_wconf 56' lang='grc' dir='ltr'>(ι)</span> <span class='ocrx_word' id='word_1_514' title='bbox 1603 3079 1657 3124; x_wconf 72' lang='lat' dir='ltr'>et</span> <span class='ocrx_word' id='word_1_515' title='bbox 1685 3072 1866 3139; x_wconf 57' lang='lat' dir='ltr'>posim</span> <span class='ocrx_word' id='word_1_516' title='bbox 1891 3069 1939 3133; x_wconf 78' lang='lat' dir='ltr'>c</span> <span class='ocrx_word' id='word_1_517' title='bbox 1968 3060 2116 3124; x_wconf 90' lang='lat' dir='ltr'>atrii,</span> <span class='ocrx_word' id='word_1_518' title='bbox 2142 3058 2365 3130; x_wconf 83' lang='lat' dir='ltr'>triginta</span> <span class='ocrx_word' id='word_1_519' title='bbox 2385 3058 2599 3114; x_wconf 78' lang='lat' dir='ltr'>exedrae</span> <span class='ocrx_word' id='word_1_520' title='bbox 2624 3056 3078 3123; x_wconf 82' lang='lat' dir='ltr'>intercolumniis,</span> <span class='ocrx_word' id='word_1_521' title='bbox 3103 3055 3191 3112; x_wconf 85' lang='grc'>18.</span> <span class='ocrx_word' id='word_1_522' title='bbox 3218 3065 3273 3113; x_wconf 88' lang='lat' dir='ltr'>et</span> <span class='ocrx_word' id='word_1_523' title='bbox 3298 3057 3542 3126; x_wconf 84' lang='lat' dir='ltr'>porticus</span> 
     </span>
    </p>
   </div>
   <div class='ocr_carea' id='block_1_7' title="bbox 284 3152 1867 4044">
    <p class='ocr_par' dir='ltr' id='par_1_8' title="bbox 284 3152 1867 4044">
     <span class='ocr_line' id='line_1_56' title="bbox 288 3152 1865 3227; baseline 0.007 -26"><span class='ocrx_word' id='word_1_524' title='bbox 288 3161 375 3202; x_wconf 85' lang='lat' dir='ltr'>mc</span> <span class='ocrx_word' id='word_1_525' title='bbox 424 3162 590 3216; x_wconf 85' lang='lat' dir='ltr'>super</span> <span class='ocrx_word' id='word_1_526' title='bbox 637 3163 876 3204; x_wconf 87' lang='lat' dir='ltr'>montem</span> <span class='ocrx_word' id='word_1_527' title='bbox 913 3152 1191 3207; x_wconf 80' lang='lat' dir='ltr'>excelsum</span> <span class='ocrx_word' id='word_1_528' title='bbox 1239 3155 1437 3222; x_wconf 75' lang='lat' dir='ltr'>valde,</span> <span class='ocrx_word' id='word_1_529' title='bbox 1495 3164 1551 3211; x_wconf 90' lang='lat' dir='ltr'>et</span> <span class='ocrx_word' id='word_1_530' title='bbox 1601 3173 1769 3227; x_wconf 89' lang='lat' dir='ltr'>super</span> <span class='ocrx_word' id='word_1_531' title='bbox 1797 3173 1865 3216; x_wconf 91' lang='lat' dir='ltr'>eo</span> 
     </span>
     <span class='ocr_line' id='line_1_57' title="bbox 284 3238 1867 3315; baseline 0.006 -21"><span class='ocrx_word' id='word_1_532' title='bbox 284 3238 442 3310; x_wconf 86' lang='lat' dir='ltr'>quasi</span> <span class='ocrx_word' id='word_1_533' title='bbox 463 3239 751 3296; x_wconf 74' lang='lat' dir='ltr'>aediticium</span> <span class='ocrx_word' id='word_1_534' title='bbox 787 3241 939 3297; x_wconf 89' lang='lat' dir='ltr'>urbis</span> <span class='ocrx_word' id='word_1_535' title='bbox 962 3242 1038 3314; x_wconf 83' lang='lat' dir='ltr'>(a)</span> <span class='ocrx_word' id='word_1_536' title='bbox 1057 3258 1088 3298; x_wconf 91' lang='lat' dir='ltr'>c</span> <span class='ocrx_word' id='word_1_537' title='bbox 1118 3246 1336 3315; x_wconf 82' lang='lat' dir='ltr'>regione</span> <span class='ocrx_word' id='word_1_538' title='bbox 1364 3245 1493 3301; x_wconf 86' lang='lat' dir='ltr'>mei.</span> <span class='ocrx_word' id='word_1_539' title='bbox 1523 3247 1576 3301; x_wconf 81' lang='lat'>5.</span> <span class='ocrx_word' id='word_1_540' title='bbox 1604 3247 1669 3302; x_wconf 81' lang='lat' dir='ltr'>Et</span> <span class='ocrx_word' id='word_1_541' title='bbox 1691 3249 1867 3304; x_wconf 85' lang='lat' dir='ltr'>intro-</span> 
     </span>
     <span class='ocr_line' id='line_1_58' title="bbox 286 3331 1867 3408; baseline 0.007 -23"><span class='ocrx_word' id='word_1_542' title='bbox 286 3331 439 3386; x_wconf 83' lang='lat' dir='ltr'>duxit</span> <span class='ocrx_word' id='word_1_543' title='bbox 491 3346 581 3385; x_wconf 89' lang='lat' dir='ltr'>me</span> <span class='ocrx_word' id='word_1_544' title='bbox 627 3331 804 3388; x_wconf 87' lang='lat' dir='ltr'>illuc:</span> <span class='ocrx_word' id='word_1_545' title='bbox 856 3341 913 3387; x_wconf 89' lang='lat' dir='ltr'>et</span> <span class='ocrx_word' id='word_1_546' title='bbox 960 3349 1090 3389; x_wconf 86' lang='lat' dir='ltr'>ecce</span> <span class='ocrx_word' id='word_1_547' title='bbox 1142 3337 1250 3400; x_wconf 78' lang='lat' dir='ltr'>vir,</span> <span class='ocrx_word' id='word_1_548' title='bbox 1294 3346 1350 3392; x_wconf 88' lang='lat' dir='ltr'>et</span> <span class='ocrx_word' id='word_1_549' title='bbox 1401 3338 1694 3408; x_wconf 87' lang='lat' dir='ltr'>adspectus</span> <span class='ocrx_word' id='word_1_550' title='bbox 1741 3340 1867 3397; x_wconf 83' lang='lat' dir='ltr'>aeris</span> 
     </span>
     <span class='ocr_line' id='line_1_59' title="bbox 285 3414 1865 3496; baseline 0.004 -17"><span class='ocrx_word' id='word_1_551' title='bbox 285 3423 354 3493; x_wconf 62' lang='grc' dir='ltr'>Χ</span> <span class='ocrx_word' id='word_1_552' title='bbox 382 3424 719 3493; x_wconf 87' lang='lat' dir='ltr'>splendentis</span> <span class='ocrx_word' id='word_1_553' title='bbox 746 3426 794 3496; x_wconf 71' lang='grc' dir='ltr'><strong>ζ,</strong></span> <span class='ocrx_word' id='word_1_554' title='bbox 823 3436 877 3479; x_wconf 87' lang='lat' dir='ltr'>et</span> <span class='ocrx_word' id='word_1_555' title='bbox 907 3433 1024 3478; x_wconf 87' lang='lat' dir='ltr'>erat</span> <span class='ocrx_word' id='word_1_556' title='bbox 1057 3424 1334 3483; x_wconf 73' lang='lat' dir='ltr'>funiculus</span> <span class='ocrx_word' id='word_1_557' title='bbox 1364 3414 1786 3485; x_wconf 80' lang='lat' dir='ltr'>architectorum</span> <span class='ocrx_word' id='word_1_558' title='bbox 1811 3429 1865 3485; x_wconf 87' lang='lat' dir='ltr'>in</span> 
     </span>
     <span class='ocr_line' id='line_1_60' title="bbox 289 3513 1862 3595; baseline 0.007 -28"><span class='ocrx_word' id='word_1_559' title='bbox 289 3528 452 3569; x_wconf 90' lang='lat' dir='ltr'>manu</span> <span class='ocrx_word' id='word_1_560' title='bbox 487 3513 627 3584; x_wconf 83' lang='lat' dir='ltr'>ejus,</span> <span class='ocrx_word' id='word_1_561' title='bbox 655 3523 710 3569; x_wconf 91' lang='lat' dir='ltr'>et</span> <span class='ocrx_word' id='word_1_562' title='bbox 741 3514 992 3569; x_wconf 88' lang='lat' dir='ltr'>calamus</span> <span class='ocrx_word' id='word_1_563' title='bbox 1016 3521 1356 3590; x_wconf 66' lang='lat' dir='ltr'>niensuraJi(</span> <span class='ocrx_word' id='word_1_564' title='bbox 1376 3518 1428 3573; x_wconf 92' lang='lat' dir='ltr'>in</span> <span class='ocrx_word' id='word_1_565' title='bbox 1455 3536 1617 3575; x_wconf 85' lang='lat' dir='ltr'>manu</span> <span class='ocrx_word' id='word_1_566' title='bbox 1651 3522 1770 3592; x_wconf 86' lang='lat' dir='ltr'>ejus</span> <span class='ocrx_word' id='word_1_567' title='bbox 1794 3523 1818 3595; x_wconf 65' lang='grc' dir='ltr'><strong><em>ζ</em></strong></span> <span class='ocrx_word' id='word_1_568' title='bbox 1846 3541 1862 3578; x_wconf 86' lang='lat'>:</span> 
     </span>
     <span class='ocr_line' id='line_1_61' title="bbox 289 3600 1859 3676; baseline 0.01 -22"><span class='ocrx_word' id='word_1_569' title='bbox 289 3608 342 3654; x_wconf 92' lang='lat' dir='ltr'>ct</span> <span class='ocrx_word' id='word_1_570' title='bbox 369 3600 486 3671; x_wconf 86' lang='lat' dir='ltr'>ipse</span> <span class='ocrx_word' id='word_1_571' title='bbox 509 3602 690 3658; x_wconf 88' lang='lat' dir='ltr'>stabat</span> <span class='ocrx_word' id='word_1_572' title='bbox 715 3619 880 3672; x_wconf 81' lang='lat' dir='ltr'>super</span> <span class='ocrx_word' id='word_1_573' title='bbox 920 3611 1100 3676; x_wconf 87' lang='lat' dir='ltr'>porta.</span> <span class='ocrx_word' id='word_1_574' title='bbox 1138 3608 1191 3662; x_wconf 72' lang='lat' dir='ltr'>t.</span> <span class='ocrx_word' id='word_1_575' title='bbox 1229 3606 1296 3663; x_wconf 83' lang='lat' dir='ltr'>Et</span> <span class='ocrx_word' id='word_1_576' title='bbox 1318 3608 1458 3665; x_wconf 79' lang='lat' dir='ltr'>dixit</span> <span class='ocrx_word' id='word_1_577' title='bbox 1502 3611 1568 3666; x_wconf 88' lang='lat' dir='ltr'>ad</span> <span class='ocrx_word' id='word_1_578' title='bbox 1611 3628 1698 3667; x_wconf 89' lang='lat' dir='ltr'>me</span> <span class='ocrx_word' id='word_1_579' title='bbox 1736 3615 1859 3669; x_wconf 74' lang='lat' dir='ltr'>vir:</span> 
     </span>
     <span class='ocr_line' id='line_1_62' title="bbox 292 3689 1858 3771; baseline 0.01 -23"><span class='ocrx_word' id='word_1_580' title='bbox 292 3702 356 3748; x_wconf 73' lang='grc'>4·</span> <span class='ocrx_word' id='word_1_581' title='bbox 385 3689 579 3748; x_wconf 82' lang='lat' dir='ltr'>Vidisti</span> <span class='ocrx_word' id='word_1_582' title='bbox 611 3693 660 3764; x_wconf 64' lang='grc' dir='ltr'><strong>ζ,</strong></span> <span class='ocrx_word' id='word_1_583' title='bbox 702 3693 776 3750; x_wconf 84' lang='lat' dir='ltr'>tili</span> <span class='ocrx_word' id='word_1_584' title='bbox 805 3694 1066 3763; x_wconf 83' lang='lat' dir='ltr'>hominis,</span> <span class='ocrx_word' id='word_1_585' title='bbox 1105 3697 1227 3754; x_wconf 77' lang='lat' dir='ltr'>vide</span> <span class='ocrx_word' id='word_1_586' title='bbox 1260 3699 1314 3755; x_wconf 90' lang='lat' dir='ltr'>in</span> <span class='ocrx_word' id='word_1_587' title='bbox 1348 3703 1523 3759; x_wconf 86' lang='lat' dir='ltr'>oculis</span> <span class='ocrx_word' id='word_1_588' title='bbox 1559 3704 1688 3771; x_wconf 86' lang='lat' dir='ltr'>tuis,</span> <span class='ocrx_word' id='word_1_589' title='bbox 1716 3715 1769 3761; x_wconf 89' lang='lat' dir='ltr'>et</span> <span class='ocrx_word' id='word_1_590' title='bbox 1803 3708 1858 3763; x_wconf 91' lang='lat' dir='ltr'>in</span> 
     </span>
     <span class='ocr_line' id='line_1_63' title="bbox 286 3782 1859 3864; baseline 0.011 -28"><span class='ocrx_word' id='word_1_591' title='bbox 286 3782 512 3839; x_wconf 86' lang='lat' dir='ltr'>auribus</span> <span class='ocrx_word' id='word_1_592' title='bbox 544 3785 652 3840; x_wconf 88' lang='lat' dir='ltr'>tuis</span> <span class='ocrx_word' id='word_1_593' title='bbox 673 3785 819 3854; x_wconf 85' lang='lat' dir='ltr'>audi,</span> <span class='ocrx_word' id='word_1_594' title='bbox 845 3796 898 3843; x_wconf 88' lang='lat' dir='ltr'>et</span> <span class='ocrx_word' id='word_1_595' title='bbox 925 3788 1154 3861; x_wconf 85' lang='lat' dir='ltr'>dispone</span> <span class='ocrx_word' id='word_1_596' title='bbox 1181 3791 1251 3861; x_wconf 70' lang='grc'><strong>31(</strong></span> <span class='ocrx_word' id='word_1_597' title='bbox 1282 3793 1336 3848; x_wconf 92' lang='lat' dir='ltr'>in</span> <span class='ocrx_word' id='word_1_598' title='bbox 1371 3795 1394 3864; x_wconf 72' lang='grc' dir='ltr'>ζ</span> <span class='ocrx_word' id='word_1_599' title='bbox 1425 3809 1520 3850; x_wconf 92' lang='lat' dir='ltr'>cor</span> <span class='ocrx_word' id='word_1_600' title='bbox 1558 3805 1709 3853; x_wconf 88' lang='lat' dir='ltr'>tuum</span> <span class='ocrx_word' id='word_1_601' title='bbox 1737 3813 1859 3854; x_wconf 90' lang='lat' dir='ltr'>om-</span> 
     </span>
     <span class='ocr_line' id='line_1_64' title="bbox 286 3872 1860 3957; baseline 0.012 -31"><span class='ocrx_word' id='word_1_602' title='bbox 286 3872 396 3938; x_wconf 84' lang='lat' dir='ltr'>nia,</span> <span class='ocrx_word' id='word_1_603' title='bbox 416 3888 539 3944; x_wconf 80' lang='lat' dir='ltr'>quae</span> <span class='ocrx_word' id='word_1_604' title='bbox 569 3890 672 3945; x_wconf 83' lang='lat' dir='ltr'>ego</span> <span class='ocrx_word' id='word_1_605' title='bbox 707 3877 993 3934; x_wconf 85' lang='lat' dir='ltr'>ostendero</span> <span class='ocrx_word' id='word_1_606' title='bbox 1015 3880 1111 3935; x_wconf 87' lang='lat' dir='ltr'>tibi</span> <span class='ocrx_word' id='word_1_607' title='bbox 1138 3898 1154 3950; x_wconf 89' lang='lat'>;</span> <span class='ocrx_word' id='word_1_608' title='bbox 1184 3882 1257 3954; x_wconf 82' lang='lat' dir='ltr'>(b)</span> <span class='ocrx_word' id='word_1_609' title='bbox 1288 3877 1414 3954; x_wconf 76' lang='lat' dir='ltr'>quia</span> <span class='ocrx_word' id='word_1_610' title='bbox 1461 3888 1632 3957; x_wconf 84' lang='lat' dir='ltr'>gratia</span> <span class='ocrx_word' id='word_1_611' title='bbox 1676 3900 1860 3945; x_wconf 84' lang='lat' dir='ltr'>osten·</span> 
     </span>
     <span class='ocr_line' id='line_1_65' title="bbox 286 3962 1854 4044; baseline 0.01 -28"><span class='ocrx_word' id='word_1_612' title='bbox 286 3962 443 4018; x_wconf 81' lang='lat' dir='ltr'>dendi</span> <span class='ocrx_word' id='word_1_613' title='bbox 480 3963 596 4032; x_wconf 86' lang='lat' dir='ltr'>tibi,</span> <span class='ocrx_word' id='word_1_614' title='bbox 637 3966 914 4037; x_wconf 84' lang='lat' dir='ltr'>ingressus</span> <span class='ocrx_word' id='word_1_615' title='bbox 960 3982 1021 4023; x_wconf 82' lang='lat' dir='ltr'>es</span> <span class='ocrx_word' id='word_1_616' title='bbox 1053 3970 1183 4034; x_wconf 80' lang='lat' dir='ltr'>huc,</span> <span class='ocrx_word' id='word_1_617' title='bbox 1234 3980 1288 4027; x_wconf 85' lang='lat' dir='ltr'>et</span> <span class='ocrx_word' id='word_1_618' title='bbox 1343 3976 1600 4030; x_wconf 82' lang='lat' dir='ltr'>ostendes</span> <span class='ocrx_word' id='word_1_619' title='bbox 1647 3978 1854 4044; x_wconf 85' lang='lat' dir='ltr'>omnia,</span> 
     </span>
    </p>
   </div>
   <div class='ocr_carea' id='block_1_8' title="bbox 1962 3136 3545 3769">
    <p class='ocr_par' dir='ltr' id='par_1_9' title="bbox 1962 3136 3545 3769">
     <span class='ocr_line' id='line_1_66' title="bbox 1970 3136 3542 3219; baseline -0.001 -14"><span class='ocrx_word' id='word_1_620' title='bbox 1970 3153 2040 3205; x_wconf 88' lang='lat' dir='ltr'>ad</span> <span class='ocrx_word' id='word_1_621' title='bbox 2078 3156 2322 3206; x_wconf 77' lang='lat' dir='ltr'>austrum</span> <span class='ocrx_word' id='word_1_622' title='bbox 2353 3147 2427 3219; x_wconf 88' lang='grc' dir='ltr'>(ο)</span> <span class='ocrx_word' id='word_1_623' title='bbox 2460 3155 2764 3217; x_wconf 86' lang='lat' dir='ltr'>portarum,</span> <span class='ocrx_word' id='word_1_624' title='bbox 2803 3136 3103 3204; x_wconf 83' lang='lat' dir='ltr'>secundum</span> <span class='ocrx_word' id='word_1_625' title='bbox 3143 3145 3542 3217; x_wconf 86' lang='lat' dir='ltr'>longitudinem</span> 
     </span>
     <span class='ocr_line' id='line_1_67' title="bbox 1968 3236 3544 3311; baseline 0.001 -16"><span class='ocrx_word' id='word_1_626' title='bbox 1968 3249 2248 3311; x_wconf 86' lang='lat' dir='ltr'>portarum</span> <span class='ocrx_word' id='word_1_627' title='bbox 2296 3238 2770 3294; x_wconf 88' lang='lat' dir='ltr'>intercolumnium</span> <span class='ocrx_word' id='word_1_628' title='bbox 2818 3237 3069 3293; x_wconf 76' lang='lat' dir='ltr'>inleriuS.</span> <span class='ocrx_word' id='word_1_629' title='bbox 3103 3236 3192 3294; x_wconf 89' lang='grc'>19.</span> <span class='ocrx_word' id='word_1_630' title='bbox 3222 3237 3287 3293; x_wconf 81' lang='lat' dir='ltr'>Et</span> <span class='ocrx_word' id='word_1_631' title='bbox 3314 3253 3544 3296; x_wconf 85' lang='lat' dir='ltr'>mensus</span> 
     </span>
     <span class='ocr_line' id='line_1_68' title="bbox 1966 3313 3545 3397; baseline -0.001 -11"><span class='ocrx_word' id='word_1_632' title='bbox 1966 3339 2055 3386; x_wconf 73' lang='lat' dir='ltr'>est</span> <span class='ocrx_word' id='word_1_633' title='bbox 2080 3328 2422 3384; x_wconf 70' lang='lat' dir='ltr'>latitudinem</span> <span class='ocrx_word' id='word_1_634' title='bbox 2448 3328 2607 3391; x_wconf 70' lang='lat' dir='ltr'>ann,</span> <span class='ocrx_word' id='word_1_635' title='bbox 2640 3327 2717 3397; x_wconf 78' lang='grc' dir='ltr'>(ρ)</span> <span class='ocrx_word' id='word_1_636' title='bbox 2741 3342 2770 3382; x_wconf 76' lang='lat' dir='ltr'><strong>a</strong></span> <span class='ocrx_word' id='word_1_637' title='bbox 2802 3327 3034 3382; x_wconf 71' lang='lat' dir='ltr'>subdian</span> <span class='ocrx_word' id='word_1_638' title='bbox 3058 3337 3228 3397; x_wconf 75' lang='lat' dir='ltr'>ponae</span> <span class='ocrx_word' id='word_1_639' title='bbox 3253 3313 3545 3385; x_wconf 62' lang='lat' dir='ltr'>exaccione</span> 
     </span>
     <span class='ocr_line' id='line_1_69' title="bbox 1966 3417 3541 3490; baseline -0.001 -14"><span class='ocrx_word' id='word_1_640' title='bbox 1966 3420 2301 3476; x_wconf 86' lang='lat' dir='ltr'>intrinsecus</span> <span class='ocrx_word' id='word_1_641' title='bbox 2331 3434 2495 3489; x_wconf 89' lang='lat' dir='ltr'>super</span> <span class='ocrx_word' id='word_1_642' title='bbox 2525 3418 2772 3474; x_wconf 88' lang='lat' dir='ltr'>subdiale</span> <span class='ocrx_word' id='word_1_643' title='bbox 2798 3426 2971 3490; x_wconf 81' lang='lat' dir='ltr'>portae</span> <span class='ocrx_word' id='word_1_644' title='bbox 2994 3417 3337 3488; x_wconf 86' lang='lat' dir='ltr'>respicientis</span> <span class='ocrx_word' id='word_1_645' title='bbox 3367 3418 3541 3486; x_wconf 76' lang='lat' dir='ltr'>foras.</span> 
     </span>
     <span class='ocr_line' id='line_1_70' title="bbox 1966 3510 3542 3581; baseline -0.001 -12"><span class='ocrx_word' id='word_1_646' title='bbox 1966 3512 2179 3569; x_wconf 84' lang='lat' dir='ltr'>cubitos</span> <span class='ocrx_word' id='word_1_647' title='bbox 2211 3519 2430 3568; x_wconf 89' lang='lat' dir='ltr'>centum</span> <span class='ocrx_word' id='word_1_648' title='bbox 2460 3510 2801 3581; x_wconf 82' lang='lat' dir='ltr'>respicientis</span> <span class='ocrx_word' id='word_1_649' title='bbox 2830 3511 2885 3565; x_wconf 94' lang='lat' dir='ltr'>in</span> <span class='ocrx_word' id='word_1_650' title='bbox 2919 3510 3187 3566; x_wconf 86' lang='lat' dir='ltr'>orientem</span> <span class='ocrx_word' id='word_1_651' title='bbox 3230 3529 3244 3566; x_wconf 91' lang='lat'>:</span> <span class='ocrx_word' id='word_1_652' title='bbox 3278 3520 3330 3568; x_wconf 91' lang='lat' dir='ltr'>et</span> <span class='ocrx_word' id='word_1_653' title='bbox 3373 3512 3542 3568; x_wconf 88' lang='lat' dir='ltr'>intro-</span> 
     </span>
     <span class='ocr_line' id='line_1_71' title="bbox 1964 3602 3539 3675; baseline -0.001 -14"><span class='ocrx_word' id='word_1_654' title='bbox 1964 3605 2125 3662; x_wconf 81' lang='lat' dir='ltr'>duxit</span> <span class='ocrx_word' id='word_1_655' title='bbox 2171 3620 2259 3660; x_wconf 88' lang='lat' dir='ltr'>me</span> <span class='ocrx_word' id='word_1_656' title='bbox 2290 3618 2456 3674; x_wconf 78' lang='lat' dir='ltr'>super</span> <span class='ocrx_word' id='word_1_657' title='bbox 2513 3602 2823 3674; x_wconf 87' lang='lat' dir='ltr'>aquilonem</span> <span class='ocrx_word' id='word_1_658' title='bbox 2846 3644 2862 3668; x_wconf 92' lang='lat'>‚</span> <span class='ocrx_word' id='word_1_659' title='bbox 2895 3603 2986 3659; x_wconf 78' lang='lat'>20.</span> <span class='ocrx_word' id='word_1_660' title='bbox 3020 3611 3074 3659; x_wconf 89' lang='lat' dir='ltr'>et</span> <span class='ocrx_word' id='word_1_661' title='bbox 3103 3618 3231 3660; x_wconf 85' lang='lat' dir='ltr'>ecce</span> <span class='ocrx_word' id='word_1_662' title='bbox 3262 3612 3418 3675; x_wconf 88' lang='lat' dir='ltr'>porta</span> <span class='ocrx_word' id='word_1_663' title='bbox 3448 3619 3539 3659; x_wconf 84' lang='lat' dir='ltr'>re-</span> 
     </span>
     <span class='ocr_line' id='line_1_72' title="bbox 1962 3694 3540 3769; baseline 0 -16"><span class='ocrx_word' id='word_1_664' title='bbox 1962 3696 2201 3769; x_wconf 87' lang='lat' dir='ltr'>spiciens</span> <span class='ocrx_word' id='word_1_665' title='bbox 2226 3696 2280 3751; x_wconf 88' lang='lat' dir='ltr'>in</span> <span class='ocrx_word' id='word_1_666' title='bbox 2310 3695 2620 3766; x_wconf 87' lang='lat' dir='ltr'>aquilonem</span> <span class='ocrx_word' id='word_1_667' title='bbox 2650 3694 2789 3750; x_wconf 86' lang='lat' dir='ltr'>atrio</span> <span class='ocrx_word' id='word_1_668' title='bbox 2817 3694 3097 3761; x_wconf 80' lang='lat' dir='ltr'>exteriori,</span> <span class='ocrx_word' id='word_1_669' title='bbox 3126 3704 3181 3751; x_wconf 92' lang='lat' dir='ltr'>et</span> <span class='ocrx_word' id='word_1_670' title='bbox 3202 3710 3427 3753; x_wconf 87' lang='lat' dir='ltr'>mensus</span> <span class='ocrx_word' id='word_1_671' title='bbox 3452 3704 3540 3753; x_wconf 84' lang='lat' dir='ltr'>est</span> 
     </span>
    </p>
   </div>
   <div class='ocr_carea' id='block_1_9' title="bbox 1959 3785 3536 3860">
    <p class='ocr_par' dir='ltr' id='par_1_10' title="bbox 1959 3785 3536 3860">
     <span class='ocr_line' id='line_1_73' title="bbox 1959 3785 3536 3860; baseline -0.001 -16"><span class='ocrx_word' id='word_1_672' title='bbox 1959 3803 2103 3854; x_wconf 83' lang='lat' dir='ltr'>eam,</span> <span class='ocrx_word' id='word_1_673' title='bbox 2127 3786 2519 3859; x_wconf 80' lang='lat' dir='ltr'>longitudinem</span> <span class='ocrx_word' id='word_1_674' title='bbox 2551 3786 2692 3856; x_wconf 82' lang='lat' dir='ltr'>ejus,</span> <span class='ocrx_word' id='word_1_675' title='bbox 2724 3794 2778 3841; x_wconf 91' lang='lat' dir='ltr'>et</span> <span class='ocrx_word' id='word_1_676' title='bbox 2807 3785 3143 3841; x_wconf 78' lang='lat' dir='ltr'>latitudinem</span> <span class='ocrx_word' id='word_1_677' title='bbox 3177 3787 3319 3857; x_wconf 83' lang='lat' dir='ltr'>ejus,</span> <span class='ocrx_word' id='word_1_678' title='bbox 3342 3787 3431 3842; x_wconf 64' lang='lat' dir='ltr'>et.</span> <span class='ocrx_word' id='word_1_679' title='bbox 3461 3788 3536 3860; x_wconf 85' lang='lat' dir='ltr'>(q)</span> 
     </span>
    </p>
   </div>
   <div class='ocr_carea' id='block_1_10' title="bbox 1961 3879 3539 3954">
    <p class='ocr_par' dir='ltr' id='par_1_11' title="bbox 1961 3879 3539 3954">
     <span class='ocr_line' id='line_1_74' title="bbox 1961 3879 3539 3954; baseline -0.003 -17"><span class='ocrx_word' id='word_1_680' title='bbox 1961 3882 2111 3940; x_wconf 80' lang='lat' dir='ltr'>&#39;l&#39;liee</span> <span class='ocrx_word' id='word_1_681' title='bbox 2139 3883 2260 3954; x_wconf 75' lang='lat' dir='ltr'>eius</span> <span class='ocrx_word' id='word_1_682' title='bbox 2279 3891 2387 3938; x_wconf 87' lang='lat' dir='ltr'>tres</span> <span class='ocrx_word' id='word_1_683' title='bbox 2420 3881 2568 3947; x_wconf 83' lang='lat' dir='ltr'>hinc,</span> <span class='ocrx_word' id='word_1_684' title='bbox 2600 3888 2655 3936; x_wconf 90' lang='lat' dir='ltr'>et</span> <span class='ocrx_word' id='word_1_685' title='bbox 2681 3890 2795 3937; x_wconf 87' lang='lat' dir='ltr'>tres</span> <span class='ocrx_word' id='word_1_686' title='bbox 2825 3881 2969 3945; x_wconf 88' lang='lat' dir='ltr'>inde,</span> <span class='ocrx_word' id='word_1_687' title='bbox 3008 3880 3079 3951; x_wconf 85' lang='lat' dir='ltr'>(r)</span> <span class='ocrx_word' id='word_1_688' title='bbox 3111 3888 3165 3934; x_wconf 89' lang='lat' dir='ltr'>et</span> <span class='ocrx_word' id='word_1_689' title='bbox 3193 3879 3351 3934; x_wconf 87' lang='lat' dir='ltr'>AElen</span> <span class='ocrx_word' id='word_1_690' title='bbox 3385 3880 3454 3948; x_wconf 78' lang='lat' dir='ltr'>(s)</span> <span class='ocrx_word' id='word_1_691' title='bbox 3480 3887 3539 3935; x_wconf 83' lang='lat' dir='ltr'>et</span> 
     </span>
    </p>
   </div>
   <div class='ocr_carea' id='block_1_11' title="bbox 1956 3967 3533 4043">
    <p class='ocr_par' dir='ltr' id='par_1_12' title="bbox 1956 3967 3533 4043">
     <span class='ocr_line' id='line_1_75' title="bbox 1956 3967 3533 4043; baseline -0.006 -12"><span class='ocrx_word' id='word_1_692' title='bbox 1956 3975 2259 4040; x_wconf 79' lang='lat' dir='ltr'>AElammo,</span> <span class='ocrx_word' id='word_1_693' title='bbox 2286 3982 2342 4030; x_wconf 91' lang='lat' dir='ltr'>et</span> <span class='ocrx_word' id='word_1_694' title='bbox 2368 3973 2576 4043; x_wconf 85' lang='lat' dir='ltr'>palmas</span> <span class='ocrx_word' id='word_1_695' title='bbox 2606 3972 2727 4040; x_wconf 73' lang='lat' dir='ltr'>eius</span> <span class='ocrx_word' id='word_1_696' title='bbox 2754 3989 2771 4024; x_wconf 68' lang='grc' dir='ltr'>ε</span> <span class='ocrx_word' id='word_1_697' title='bbox 2799 3978 2855 4024; x_wconf 90' lang='lat' dir='ltr'>et</span> <span class='ocrx_word' id='word_1_698' title='bbox 2882 3968 3085 4024; x_wconf 77' lang='lat' dir='ltr'>lactum</span> <span class='ocrx_word' id='word_1_699' title='bbox 3118 3977 3203 4023; x_wconf 86' lang='lat' dir='ltr'>est</span> <span class='ocrx_word' id='word_1_700' title='bbox 3234 3967 3533 4023; x_wconf 86' lang='lat' dir='ltr'>secundum</span> 
     </span>
    </p>
   </div>
   <div class='ocr_carea' id='block_1_12' title="bbox 276 4056 3546 4772">
    <p class='ocr_par' dir='ltr' id='par_1_13' title="bbox 276 4056 3546 4772">
     <span class='ocr_line' id='line_1_76' title="bbox 283 4056 3533 4132; baseline 0.002 -23"><span class='ocrx_word' id='word_1_701' title='bbox 283 4067 402 4124; x_wconf 79' lang='lat' dir='ltr'>quae</span> <span class='ocrx_word' id='word_1_702' title='bbox 418 4063 476 4109; x_wconf 88' lang='lat' dir='ltr'>tu</span> <span class='ocrx_word' id='word_1_703' title='bbox 502 4056 674 4120; x_wconf 82' lang='lat' dir='ltr'>vides,</span> <span class='ocrx_word' id='word_1_704' title='bbox 694 4058 881 4113; x_wconf 88' lang='lat' dir='ltr'>domui</span> <span class='ocrx_word' id='word_1_705' title='bbox 911 4058 1151 4113; x_wconf 84' lang='lat' dir='ltr'>israelis.</span> <span class='ocrx_word' id='word_1_706' title='bbox 1179 4060 1232 4113; x_wconf 85' lang='lat'>5.</span> <span class='ocrx_word' id='word_1_707' title='bbox 1260 4059 1324 4115; x_wconf 85' lang='lat' dir='ltr'>Et</span> <span class='ocrx_word' id='word_1_708' title='bbox 1345 4076 1472 4116; x_wconf 88' lang='lat' dir='ltr'>ecce</span> <span class='ocrx_word' id='word_1_709' title='bbox 1496 4065 1855 4132; x_wconf 82' lang='lat' dir='ltr'>sepimentum</span> <span class='ocrx_word' id='word_1_710' title='bbox 1958 4063 2381 4120; x_wconf 87' lang='lat' dir='ltr'>mensurasatrii</span> <span class='ocrx_word' id='word_1_711' title='bbox 2399 4061 2738 4132; x_wconf 84' lang='lat' dir='ltr'>respicientis</span> <span class='ocrx_word' id='word_1_712' title='bbox 2754 4061 2807 4113; x_wconf 92' lang='lat' dir='ltr'>in</span> <span class='ocrx_word' id='word_1_713' title='bbox 2825 4059 3111 4123; x_wconf 84' lang='lat' dir='ltr'>orientem,</span> <span class='ocrx_word' id='word_1_714' title='bbox 3138 4058 3533 4129; x_wconf 81' lang='lat' dir='ltr'>quinquaginta</span> 
     </span>
     <span class='ocr_line' id='line_1_77' title="bbox 282 4144 3530 4220; baseline 0.002 -22"><span class='ocrx_word' id='word_1_715' title='bbox 282 4155 432 4199; x_wconf 81' lang='lat' dir='ltr'>extra</span> <span class='ocrx_word' id='word_1_716' title='bbox 473 4144 695 4201; x_wconf 88' lang='lat' dir='ltr'>domum</span> <span class='ocrx_word' id='word_1_717' title='bbox 726 4161 822 4217; x_wconf 86' lang='lat' dir='ltr'>per</span> <span class='ocrx_word' id='word_1_718' title='bbox 849 4163 1064 4220; x_wconf 78' lang='lat' dir='ltr'>gyrum,</span> <span class='ocrx_word' id='word_1_719' title='bbox 1099 4147 1169 4216; x_wconf 85' lang='lat' dir='ltr'>(c)</span> <span class='ocrx_word' id='word_1_720' title='bbox 1201 4156 1254 4202; x_wconf 89' lang='lat' dir='ltr'>et</span> <span class='ocrx_word' id='word_1_721' title='bbox 1283 4148 1339 4203; x_wconf 92' lang='lat' dir='ltr'>in</span> <span class='ocrx_word' id='word_1_722' title='bbox 1370 4165 1533 4204; x_wconf 89' lang='lat' dir='ltr'>manu</span> <span class='ocrx_word' id='word_1_723' title='bbox 1575 4152 1671 4205; x_wconf 80' lang='lat' dir='ltr'>viri</span> <span class='ocrx_word' id='word_1_724' title='bbox 1706 4153 1856 4207; x_wconf 84' lang='lat' dir='ltr'>cala·</span> <span class='ocrx_word' id='word_1_725' title='bbox 1953 4153 2266 4209; x_wconf 82' lang='lat' dir='ltr'>cubitorum</span> <span class='ocrx_word' id='word_1_726' title='bbox 2285 4151 2566 4220; x_wconf 85' lang='lat' dir='ltr'>longitudo</span> <span class='ocrx_word' id='word_1_727' title='bbox 2582 4150 2704 4219; x_wconf 86' lang='lat' dir='ltr'>ejus</span> <span class='ocrx_word' id='word_1_728' title='bbox 2728 4167 2743 4203; x_wconf 74' lang='grc' dir='ltr'>ι</span> <span class='ocrx_word' id='word_1_729' title='bbox 2768 4157 2823 4203; x_wconf 85' lang='lat' dir='ltr'>et</span> <span class='ocrx_word' id='word_1_730' title='bbox 2841 4147 3066 4202; x_wconf 85' lang='lat' dir='ltr'>latitudo</span> <span class='ocrx_word' id='word_1_731' title='bbox 3085 4148 3207 4218; x_wconf 73' lang='lat' dir='ltr'>eius</span> <span class='ocrx_word' id='word_1_732' title='bbox 3221 4149 3530 4205; x_wconf 77' lang='lat' dir='ltr'>cubitorum</span> 
     </span>
     <span class='ocr_line' id='line_1_78' title="bbox 283 4238 3546 4316; baseline 0.002 -27"><span class='ocrx_word' id='word_1_733' title='bbox 283 4249 404 4290; x_wconf 85' lang='lat' dir='ltr'>mus</span> <span class='ocrx_word' id='word_1_734' title='bbox 433 4250 702 4291; x_wconf 79' lang='lat' dir='ltr'>mensurae</span> <span class='ocrx_word' id='word_1_735' title='bbox 745 4253 841 4293; x_wconf 86' lang='lat' dir='ltr'>sex</span> <span class='ocrx_word' id='word_1_736' title='bbox 872 4238 1183 4294; x_wconf 86' lang='lat' dir='ltr'>cubitorum</span> <span class='ocrx_word' id='word_1_737' title='bbox 1223 4239 1277 4295; x_wconf 86' lang='lat' dir='ltr'>in</span> <span class='ocrx_word' id='word_1_738' title='bbox 1327 4241 1511 4295; x_wconf 88' lang='lat' dir='ltr'>cubito</span> <span class='ocrx_word' id='word_1_739' title='bbox 1538 4250 1592 4296; x_wconf 89' lang='lat' dir='ltr'>et</span> <span class='ocrx_word' id='word_1_740' title='bbox 1615 4243 1850 4312; x_wconf 86' lang='lat' dir='ltr'>palmus.</span> <span class='ocrx_word' id='word_1_741' title='bbox 1956 4244 2146 4316; x_wconf 83' lang='lat' dir='ltr'>viginti</span> <span class='ocrx_word' id='word_1_742' title='bbox 2170 4250 2225 4299; x_wconf 89' lang='lat' dir='ltr'>et</span> <span class='ocrx_word' id='word_1_743' title='bbox 2243 4244 2505 4314; x_wconf 87' lang='lat' dir='ltr'>quinque,</span> <span class='ocrx_word' id='word_1_744' title='bbox 2527 4240 2611 4296; x_wconf 79' lang='lat'>22.</span> <span class='ocrx_word' id='word_1_745' title='bbox 2637 4249 2693 4297; x_wconf 86' lang='lat' dir='ltr'>et</span> <span class='ocrx_word' id='word_1_746' title='bbox 2717 4238 3126 4312; x_wconf 75' lang='lat' dir='ltr'>l’enestraeejuS,</span> <span class='ocrx_word' id='word_1_747' title='bbox 3148 4246 3202 4295; x_wconf 92' lang='lat' dir='ltr'>et</span> <span class='ocrx_word' id='word_1_748' title='bbox 3230 4239 3546 4309; x_wconf 73' lang='lat' dir='ltr'>AElarntno,</span> 
     </span>
     <span class='ocr_line' id='line_1_79' title="bbox 283 4321 3525 4407; baseline 0.003 -28"><span class='ocrx_word' id='word_1_749' title='bbox 283 4321 348 4381; x_wconf 81' lang='lat' dir='ltr'>Et</span> <span class='ocrx_word' id='word_1_750' title='bbox 395 4341 620 4381; x_wconf 85' lang='lat' dir='ltr'>mensus</span> <span class='ocrx_word' id='word_1_751' title='bbox 668 4337 750 4383; x_wconf 86' lang='lat' dir='ltr'>est</span> <span class='ocrx_word' id='word_1_752' title='bbox 781 4332 1141 4398; x_wconf 81' lang='lat' dir='ltr'>antemurale,</span> <span class='ocrx_word' id='word_1_753' title='bbox 1195 4330 1535 4387; x_wconf 87' lang='lat' dir='ltr'>latitudinem</span> <span class='ocrx_word' id='word_1_754' title='bbox 1589 4334 1851 4405; x_wconf 77' lang='lat' dir='ltr'>:equalem</span> <span class='ocrx_word' id='word_1_755' title='bbox 1954 4346 2010 4393; x_wconf 86' lang='lat' dir='ltr'>et</span> <span class='ocrx_word' id='word_1_756' title='bbox 2039 4337 2231 4407; x_wconf 70' lang='lat' dir='ltr'>palmae</span> <span class='ocrx_word' id='word_1_757' title='bbox 2256 4335 2377 4405; x_wconf 74' lang='lat' dir='ltr'>eius</span> <span class='ocrx_word' id='word_1_758' title='bbox 2401 4373 2417 4399; x_wconf 85' lang='lat'>,</span> <span class='ocrx_word' id='word_1_759' title='bbox 2441 4333 2582 4390; x_wconf 82' lang='lat' dir='ltr'>sicut</span> <span class='ocrx_word' id='word_1_760' title='bbox 2609 4341 2767 4403; x_wconf 86' lang='lat' dir='ltr'>porta</span> <span class='ocrx_word' id='word_1_761' title='bbox 2798 4330 3098 4402; x_wconf 85' lang='lat' dir='ltr'>respiciens</span> <span class='ocrx_word' id='word_1_762' title='bbox 3125 4332 3179 4386; x_wconf 89' lang='lat' dir='ltr'>in</span> <span class='ocrx_word' id='word_1_763' title='bbox 3210 4332 3474 4388; x_wconf 87' lang='lat' dir='ltr'>orientem</span> <span class='ocrx_word' id='word_1_764' title='bbox 3509 4352 3525 4388; x_wconf 73' lang='grc' dir='ltr'><strong><em>ε</em></strong></span> 
     </span>
     <span class='ocr_line' id='line_1_80' title="bbox 282 4411 3525 4499; baseline 0.002 -27"><span class='ocrx_word' id='word_1_765' title='bbox 282 4417 509 4484; x_wconf 85' lang='lat' dir='ltr'>calamo,</span> <span class='ocrx_word' id='word_1_766' title='bbox 540 4430 594 4474; x_wconf 83' lang='lat' dir='ltr'>et</span> <span class='ocrx_word' id='word_1_767' title='bbox 618 4419 960 4477; x_wconf 78' lang='lat' dir='ltr'>altitudinem</span> <span class='ocrx_word' id='word_1_768' title='bbox 988 4424 1111 4492; x_wconf 72' lang='lat' dir='ltr'>eius</span> <span class='ocrx_word' id='word_1_769' title='bbox 1138 4425 1403 4495; x_wconf 81' lang='lat' dir='ltr'>aequalem</span> <span class='ocrx_word' id='word_1_770' title='bbox 1435 4428 1670 4484; x_wconf 86' lang='lat' dir='ltr'>calamo.</span> <span class='ocrx_word' id='word_1_771' title='bbox 1702 4428 1755 4483; x_wconf 84' lang='lat'>6.</span> <span class='ocrx_word' id='word_1_772' title='bbox 1786 4429 1853 4486; x_wconf 78' lang='lat' dir='ltr'>Et</span> <span class='ocrx_word' id='word_1_773' title='bbox 1887 4411 1932 4467; x_wconf 81' lang='grc' dir='ltr'>Ῐ)</span> <span class='ocrx_word' id='word_1_774' title='bbox 1959 4439 2013 4486; x_wconf 89' lang='lat' dir='ltr'>et</span> <span class='ocrx_word' id='word_1_775' title='bbox 2041 4430 2096 4483; x_wconf 89' lang='lat' dir='ltr'>in</span> <span class='ocrx_word' id='word_1_776' title='bbox 2124 4436 2327 4499; x_wconf 85' lang='lat' dir='ltr'>septem</span> <span class='ocrx_word' id='word_1_777' title='bbox 2354 4425 2612 4498; x_wconf 83' lang='lat' dir='ltr'>gradibus</span> <span class='ocrx_word' id='word_1_778' title='bbox 2631 4424 2791 4481; x_wconf 82' lang='lat' dir='ltr'>scalae</span> <span class='ocrx_word' id='word_1_779' title='bbox 2811 4422 3356 4495; x_wconf 84' lang='lat' dir='ltr'>ascendebantsuper</span> <span class='ocrx_word' id='word_1_780' title='bbox 3375 4439 3525 4491; x_wconf 88' lang='lat' dir='ltr'>eum,</span> 
     </span>
     <span class='ocr_line' id='line_1_81' title="bbox 281 4507 3528 4586; baseline 0.003 -24"><span class='ocrx_word' id='word_1_781' title='bbox 281 4507 558 4579; x_wconf 86' lang='lat' dir='ltr'>ingressus</span> <span class='ocrx_word' id='word_1_782' title='bbox 584 4519 668 4566; x_wconf 87' lang='lat' dir='ltr'>est</span> <span class='ocrx_word' id='word_1_783' title='bbox 695 4511 749 4565; x_wconf 91' lang='lat' dir='ltr'>in</span> <span class='ocrx_word' id='word_1_784' title='bbox 774 4520 1011 4581; x_wconf 84' lang='lat' dir='ltr'>portam,</span> <span class='ocrx_word' id='word_1_785' title='bbox 1037 4515 1417 4584; x_wconf 86' lang='lat' dir='ltr'>respicientem</span> <span class='ocrx_word' id='word_1_786' title='bbox 1449 4533 1642 4576; x_wconf 78' lang='lat' dir='ltr'>versus</span> <span class='ocrx_word' id='word_1_787' title='bbox 1662 4520 1848 4578; x_wconf 90' lang='lat' dir='ltr'>orien-</span> <span class='ocrx_word' id='word_1_788' title='bbox 1955 4530 2012 4579; x_wconf 89' lang='lat' dir='ltr'>et</span> <span class='ocrx_word' id='word_1_789' title='bbox 2037 4519 2315 4577; x_wconf 82' lang='lat' dir='ltr'>AElammo</span> <span class='ocrx_word' id='word_1_790' title='bbox 2364 4517 2697 4574; x_wconf 84' lang='lat' dir='ltr'>intrincecns</span> <span class='ocrx_word' id='word_1_791' title='bbox 2730 4532 2743 4570; x_wconf 92' lang='lat'>:</span> <span class='ocrx_word' id='word_1_792' title='bbox 2772 4515 2864 4571; x_wconf 76' lang='lat'>23.</span> <span class='ocrx_word' id='word_1_793' title='bbox 2912 4522 2967 4571; x_wconf 88' lang='lat' dir='ltr'>et</span> <span class='ocrx_word' id='word_1_794' title='bbox 3011 4524 3169 4586; x_wconf 86' lang='lat' dir='ltr'>porta</span> <span class='ocrx_word' id='word_1_795' title='bbox 3198 4516 3339 4572; x_wconf 90' lang='lat' dir='ltr'>atrio</span> <span class='ocrx_word' id='word_1_796' title='bbox 3386 4517 3528 4573; x_wconf 88' lang='lat' dir='ltr'>inte-</span> 
     </span>
     <span class='ocr_line' id='line_1_82' title="bbox 279 4598 3525 4683; baseline 0.003 -31"><span class='ocrx_word' id='word_1_797' title='bbox 279 4606 383 4653; x_wconf 89' lang='lat' dir='ltr'>tem</span> <span class='ocrx_word' id='word_1_798' title='bbox 422 4598 478 4656; x_wconf 82' lang='lat' dir='ltr'>in</span> <span class='ocrx_word' id='word_1_799' title='bbox 506 4609 710 4672; x_wconf 77' lang='lat' dir='ltr'>septem</span> <span class='ocrx_word' id='word_1_800' title='bbox 740 4602 1020 4675; x_wconf 85' lang='lat' dir='ltr'>gradibus,</span> <span class='ocrx_word' id='word_1_801' title='bbox 1050 4615 1106 4662; x_wconf 90' lang='lat' dir='ltr'>et</span> <span class='ocrx_word' id='word_1_802' title='bbox 1131 4622 1355 4665; x_wconf 87' lang='lat' dir='ltr'>mensus</span> <span class='ocrx_word' id='word_1_803' title='bbox 1374 4610 1549 4683; x_wconf 81' lang='lat' dir='ltr'>est(d)</span> <span class='ocrx_word' id='word_1_804' title='bbox 1583 4610 1731 4667; x_wconf 72' lang='lat' dir='ltr'>&#39;thee</span> <span class='ocrx_word' id='word_1_805' title='bbox 1751 4628 1848 4671; x_wconf 82' lang='lat' dir='ltr'>sex</span> <span class='ocrx_word' id='word_1_806' title='bbox 1955 4612 2088 4669; x_wconf 90' lang='lat' dir='ltr'>riori</span> <span class='ocrx_word' id='word_1_807' title='bbox 2141 4608 2436 4680; x_wconf 82' lang='lat' dir='ltr'>respiciens</span> <span class='ocrx_word' id='word_1_808' title='bbox 2462 4621 2630 4681; x_wconf 87' lang='lat' dir='ltr'>super</span> <span class='ocrx_word' id='word_1_809' title='bbox 2662 4616 2875 4677; x_wconf 84' lang='lat' dir='ltr'>portam</span> <span class='ocrx_word' id='word_1_810' title='bbox 2922 4606 3226 4677; x_wconf 88' lang='lat' dir='ltr'>aquilonis,</span> <span class='ocrx_word' id='word_1_811' title='bbox 3259 4607 3525 4679; x_wconf 87' lang='lat' dir='ltr'>quemad-</span> 
     </span>
     <span class='ocr_line' id='line_1_83' title="bbox 276 4689 3525 4772; baseline 0.006 -27"><span class='ocrx_word' id='word_1_812' title='bbox 276 4696 328 4747; x_wconf 90' lang='lat' dir='ltr'>et</span> <span class='ocrx_word' id='word_1_813' title='bbox 355 4705 474 4758; x_wconf 78' lang='lat' dir='ltr'>sex,</span> <span class='ocrx_word' id='word_1_814' title='bbox 522 4700 579 4748; x_wconf 88' lang='lat' dir='ltr'>et</span> <span class='ocrx_word' id='word_1_815' title='bbox 609 4689 789 4751; x_wconf 82' lang='lat' dir='ltr'>AElam</span> <span class='ocrx_word' id='word_1_816' title='bbox 826 4703 995 4767; x_wconf 79' lang='lat' dir='ltr'>portae</span> <span class='ocrx_word' id='word_1_817' title='bbox 1045 4697 1311 4768; x_wconf 78' lang='lat' dir='ltr'>aequalem</span> <span class='ocrx_word' id='word_1_818' title='bbox 1359 4703 1590 4772; x_wconf 86' lang='lat' dir='ltr'>calamo,</span> <span class='ocrx_word' id='word_1_819' title='bbox 1617 4703 1670 4770; x_wconf 87' lang='grc'><strong>7,</strong></span> <span class='ocrx_word' id='word_1_820' title='bbox 1701 4705 1759 4763; x_wconf 89' lang='grc'>8.</span> <span class='ocrx_word' id='word_1_821' title='bbox 1789 4716 1845 4762; x_wconf 89' lang='lat' dir='ltr'>et</span> <span class='ocrx_word' id='word_1_822' title='bbox 1955 4704 2178 4761; x_wconf 77' lang='lat' dir='ltr'>modum</span> <span class='ocrx_word' id='word_1_823' title='bbox 2213 4715 2276 4757; x_wconf 84' lang='lat' dir='ltr'>-t-</span> <span class='ocrx_word' id='word_1_824' title='bbox 2320 4710 2476 4772; x_wconf 77' lang='lat' dir='ltr'>porta</span> <span class='ocrx_word' id='word_1_825' title='bbox 2521 4700 2569 4770; x_wconf 71' lang='grc' dir='ltr'>ζ.</span> <span class='ocrx_word' id='word_1_826' title='bbox 2604 4713 2728 4770; x_wconf 61' lang='grc'><strong>(11138</strong></span> <span class='ocrx_word' id='word_1_827' title='bbox 2768 4698 2988 4770; x_wconf 62' lang='lat' dir='ltr'>respicit</span> <span class='ocrx_word' id='word_1_828' title='bbox 3020 4699 3076 4755; x_wconf 76' lang='grc'>111</span> <span class='ocrx_word' id='word_1_829' title='bbox 3124 4699 3387 4755; x_wconf 65' lang='lat' dir='ltr'>orientem</span> <span class='ocrx_word' id='word_1_830' title='bbox 3426 4718 3439 4754; x_wconf 82' lang='lat'>²</span> <span class='ocrx_word' id='word_1_831' title='bbox 3470 4709 3525 4755; x_wconf 80' lang='lat' dir='ltr'>et</span> 
     </span>
    </p>
   </div>
   <div class='ocr_carea' id='block_1_13' title="bbox 269 4909 3522 5755">
    <p class='ocr_par' dir='ltr' id='par_1_14' title="bbox 269 4909 3522 5490">
     <span class='ocr_line' id='line_1_84' title="bbox 342 4909 3522 4999; baseline 0.002 -26"><span class='ocrx_word' id='word_1_832' title='bbox 342 4910 420 4977; x_wconf 76' lang='lat' dir='ltr'>(a)</span> <span class='ocrx_word' id='word_1_833' title='bbox 449 4909 532 4978; x_wconf 86' lang='lat' dir='ltr'>S.‚</span> <span class='ocrx_word' id='word_1_834' title='bbox 557 4915 672 4971; x_wconf 79' lang='lat' dir='ltr'>zelo</span> <span class='ocrx_word' id='word_1_835' title='bbox 700 4915 926 4974; x_wconf 71' lang='lat' dir='ltr'>aflectus</span> <span class='ocrx_word' id='word_1_836' title='bbox 943 4934 1063 4976; x_wconf 87' lang='lat' dir='ltr'>sutn</span> <span class='ocrx_word' id='word_1_837' title='bbox 1088 4920 1233 4978; x_wconf 88' lang='lat' dir='ltr'>enim</span> <span class='ocrx_word' id='word_1_838' title='bbox 1262 4937 1365 4995; x_wconf 88' lang='lat' dir='ltr'>pro</span> <span class='ocrx_word' id='word_1_839' title='bbox 1379 4924 1600 4981; x_wconf 89' lang='lat' dir='ltr'>nomine</span> <span class='ocrx_word' id='word_1_840' title='bbox 1623 4935 1815 4984; x_wconf 86' lang='lat' dir='ltr'>sancto</span> <span class='ocrx_word' id='word_1_841' title='bbox 1836 4943 1977 4986; x_wconf 90' lang='lat' dir='ltr'>meo.</span> <span class='ocrx_word' id='word_1_842' title='bbox 2011 4926 2079 4983; x_wconf 85' lang='lat' dir='ltr'>Et</span> <span class='ocrx_word' id='word_1_843' title='bbox 2098 4934 2387 4999; x_wconf 86' lang='lat' dir='ltr'>portarunt</span> <span class='ocrx_word' id='word_1_844' title='bbox 2410 4924 2763 4998; x_wconf 89' lang='lat' dir='ltr'>ignominiam</span> <span class='ocrx_word' id='word_1_845' title='bbox 2787 4938 2965 4992; x_wconf 90' lang='lat' dir='ltr'>suam,</span> <span class='ocrx_word' id='word_1_846' title='bbox 2986 4932 3040 4979; x_wconf 90' lang='lat' dir='ltr'>ct</span> <span class='ocrx_word' id='word_1_847' title='bbox 3058 4936 3248 4978; x_wconf 89' lang='lat' dir='ltr'>omnes</span> <span class='ocrx_word' id='word_1_848' title='bbox 3277 4921 3522 4978; x_wconf 84' lang='lat' dir='ltr'>incurias</span> 
     </span>
     <span class='ocr_line' id='line_1_85' title="bbox 275 4982 3521 5117; baseline 0.005 -86"><span class='ocrx_word' id='word_1_849' title='bbox 275 4983 416 5034; x_wconf 80' lang='lat' dir='ltr'>suas.</span> <span class='ocrx_word' id='word_1_850' title='bbox 460 4983 538 5060; x_wconf 62' lang='grc' dir='ltr'>(αξ)</span> <span class='ocrx_word' id='word_1_851' title='bbox 562 4982 646 5046; x_wconf 85' lang='lat' dir='ltr'>S..</span> <span class='ocrx_word' id='word_1_852' title='bbox 670 4995 724 5040; x_wconf 83' lang='lat' dir='ltr'>et</span> <span class='ocrx_word' id='word_1_853' title='bbox 745 4986 1017 5044; x_wconf 73' lang='lat' dir='ltr'>effundam</span> <span class='ocrx_word' id='word_1_854' title='bbox 1045 4992 1298 5060; x_wconf 80' lang='lat' dir='ltr'>spiritum</span> <span class='ocrx_word' id='word_1_855' title='bbox 1330 5009 1509 5049; x_wconf 90' lang='lat' dir='ltr'>meum</span> <span class='ocrx_word' id='word_1_856' title='bbox 1539 5011 1706 5066; x_wconf 85' lang='lat' dir='ltr'>super</span> <span class='ocrx_word' id='word_1_857' title='bbox 1731 5000 1953 5054; x_wconf 88' lang='lat' dir='ltr'>domum</span> <span class='ocrx_word' id='word_1_858' title='bbox 1980 4997 2216 5054; x_wconf 81' lang='lat' dir='ltr'>israelis.</span> <span class='ocrx_word' id='word_1_859' title='bbox 2259 4996 2436 5068; x_wconf 77' lang='lat' dir='ltr'>(y)S.,</span> <span class='ocrx_word' id='word_1_860' title='bbox 2468 4997 2524 5051; x_wconf 93' lang='lat' dir='ltr'>in</span> <span class='ocrx_word' id='word_1_861' title='bbox 2558 5009 2748 5051; x_wconf 88' lang='lat' dir='ltr'>mense</span> <span class='ocrx_word' id='word_1_862' title='bbox 2768 4996 2981 5065; x_wconf 87' lang='lat' dir='ltr'>quinto.</span> <span class='ocrx_word' id='word_1_863' title='bbox 3027 4992 3102 5117; x_wconf 50' lang='grc' dir='ltr'>ἵ)</span> <span class='ocrx_word' id='word_1_864' title='bbox 3134 4990 3220 5057; x_wconf 91' lang='grc'>8.,</span> <span class='ocrx_word' id='word_1_865' title='bbox 3248 5000 3303 5048; x_wconf 89' lang='lat' dir='ltr'>et</span> <span class='ocrx_word' id='word_1_866' title='bbox 3330 4993 3521 5063; x_wconf 86' lang='lat' dir='ltr'>quies-</span> 
     </span>
     <span class='ocr_line' id='line_1_86' title="bbox 272 5047 3518 5136; baseline 0.004 -35"><span class='ocrx_word' id='word_1_867' title='bbox 272 5062 392 5102; x_wconf 85' lang='lat' dir='ltr'>cere</span> <span class='ocrx_word' id='word_1_868' title='bbox 419 5047 545 5104; x_wconf 83' lang='lat' dir='ltr'>l&#39;ectt</span> <span class='ocrx_word' id='word_1_869' title='bbox 568 5067 682 5133; x_wconf 60' lang='lat' dir='ltr'>pne.</span> <span class='ocrx_word' id='word_1_870' title='bbox 723 5055 891 5122; x_wconf 71' lang='lat' dir='ltr'>(nl-S..</span> <span class='ocrx_word' id='word_1_871' title='bbox 927 5060 999 5115; x_wconf 88' lang='lat' dir='ltr'>ab</span> <span class='ocrx_word' id='word_1_872' title='bbox 1027 5072 1232 5118; x_wconf 84' lang='lat' dir='ltr'>austro.</span> <span class='ocrx_word' id='word_1_873' title='bbox 1274 5063 1349 5134; x_wconf 80' lang='lat' dir='ltr'>(b)</span> <span class='ocrx_word' id='word_1_874' title='bbox 1377 5061 1461 5128; x_wconf 80' lang='lat' dir='ltr'>S..</span> <span class='ocrx_word' id='word_1_875' title='bbox 1495 5079 1714 5136; x_wconf 84' lang='lat' dir='ltr'>propter</span> <span class='ocrx_word' id='word_1_876' title='bbox 1739 5069 1884 5123; x_wconf 89' lang='lat' dir='ltr'>enim</span> <span class='ocrx_word' id='word_1_877' title='bbox 1917 5068 1994 5134; x_wconf 87' lang='lat' dir='ltr'>id,</span> <span class='ocrx_word' id='word_1_878' title='bbox 2024 5076 2086 5124; x_wconf 89' lang='lat' dir='ltr'>ut</span> <span class='ocrx_word' id='word_1_879' title='bbox 2102 5072 2420 5126; x_wconf 81' lang='lat' dir='ltr'>ostendatur</span> <span class='ocrx_word' id='word_1_880' title='bbox 2436 5064 2553 5130; x_wconf 87' lang='lat' dir='ltr'>tibi,</span> <span class='ocrx_word' id='word_1_881' title='bbox 2585 5065 2929 5120; x_wconf 89' lang='lat' dir='ltr'>introductus</span> <span class='ocrx_word' id='word_1_882' title='bbox 2950 5078 3011 5119; x_wconf 89' lang='lat' dir='ltr'>es</span> <span class='ocrx_word' id='word_1_883' title='bbox 3082 5077 3168 5117; x_wconf 92' lang='lat' dir='ltr'>uc.</span> <span class='ocrx_word' id='word_1_884' title='bbox 3230 5064 3281 5132; x_wconf 83' lang='lat' dir='ltr'>c)</span> <span class='ocrx_word' id='word_1_885' title='bbox 3312 5060 3397 5125; x_wconf 87' lang='lat' dir='ltr'>S.‚</span> <span class='ocrx_word' id='word_1_886' title='bbox 3421 5060 3518 5131; x_wconf 83' lang='lat' dir='ltr'>qui</span> 
     </span>
     <span class='ocr_line' id='line_1_87' title="bbox 272 5127 3511 5206; baseline 0.005 -34"><span class='ocrx_word' id='word_1_887' title='bbox 272 5132 395 5173; x_wconf 73' lang='lat' dir='ltr'>vero</span> <span class='ocrx_word' id='word_1_888' title='bbox 425 5129 544 5175; x_wconf 83' lang='lat' dir='ltr'>erat</span> <span class='ocrx_word' id='word_1_889' title='bbox 566 5137 622 5175; x_wconf 79' lang='lat' dir='ltr'>in</span> <span class='ocrx_word' id='word_1_890' title='bbox 641 5138 804 5204; x_wconf 76' lang='lat' dir='ltr'>mann</span> <span class='ocrx_word' id='word_1_891' title='bbox 821 5127 921 5181; x_wconf 76' lang='lat' dir='ltr'>viri</span> <span class='ocrx_word' id='word_1_892' title='bbox 948 5130 1194 5188; x_wconf 76' lang='lat' dir='ltr'>calamus</span> <span class='ocrx_word' id='word_1_893' title='bbox 1209 5133 1536 5196; x_wconf 81' lang='lat' dir='ltr'>mensurius.</span> <span class='ocrx_word' id='word_1_894' title='bbox 1568 5151 1660 5190; x_wconf 87' lang='lat' dir='ltr'>sex</span> <span class='ocrx_word' id='word_1_895' title='bbox 1686 5137 1996 5194; x_wconf 78' lang='lat' dir='ltr'>cubitorum</span> <span class='ocrx_word' id='word_1_896' title='bbox 2015 5147 2133 5194; x_wconf 87' lang='lat' dir='ltr'>erat</span> <span class='ocrx_word' id='word_1_897' title='bbox 2148 5155 2214 5195; x_wconf 86' lang='lat' dir='ltr'>cx</span> <span class='ocrx_word' id='word_1_898' title='bbox 2231 5139 2418 5195; x_wconf 84' lang='lat' dir='ltr'>cubito</span> <span class='ocrx_word' id='word_1_899' title='bbox 2439 5145 2494 5193; x_wconf 90' lang='lat' dir='ltr'>et</span> <span class='ocrx_word' id='word_1_900' title='bbox 2514 5136 2714 5206; x_wconf 89' lang='lat' dir='ltr'>palmo.</span> <span class='ocrx_word' id='word_1_901' title='bbox 2756 5134 2836 5205; x_wconf 80' lang='lat' dir='ltr'>(d)</span> <span class='ocrx_word' id='word_1_902' title='bbox 2860 5132 2943 5200; x_wconf 89' lang='lat' dir='ltr'>S.‚</span> <span class='ocrx_word' id='word_1_903' title='bbox 2981 5133 3165 5188; x_wconf 89' lang='lat' dir='ltr'>limen.</span> <span class='ocrx_word' id='word_1_904' title='bbox 3228 5135 3278 5200; x_wconf 81' lang='lat' dir='ltr'>e)</span> <span class='ocrx_word' id='word_1_905' title='bbox 3308 5132 3511 5187; x_wconf 81' lang='grc' dir='ltr'><strong>ΕΛΕΥ.</strong></span> 
     </span>
     <span class='ocr_line' id='line_1_88' title="bbox 274 5185 3512 5279; baseline 0.005 -36"><span class='ocrx_word' id='word_1_906' title='bbox 274 5185 351 5272; x_wconf 76' lang='grc'>8.,</span> <span class='ocrx_word' id='word_1_907' title='bbox 378 5192 519 5272; x_wconf 78' lang='lat' dir='ltr'>quod</span> <span class='ocrx_word' id='word_1_908' title='bbox 535 5193 676 5262; x_wconf 82' lang='lat' dir='ltr'>apud</span> <span class='ocrx_word' id='word_1_909' title='bbox 708 5193 1108 5260; x_wconf 84' lang='lat' dir='ltr'>tllud,duorum</span> <span class='ocrx_word' id='word_1_910' title='bbox 1124 5202 1456 5258; x_wconf 88' lang='lat' dir='ltr'>cubitorum.</span> <span class='ocrx_word' id='word_1_911' title='bbox 1497 5204 1565 5276; x_wconf 75' lang='grc' dir='ltr'>(Ῑ)</span> <span class='ocrx_word' id='word_1_912' title='bbox 1583 5203 1666 5270; x_wconf 90' lang='grc'>8.,</span> <span class='ocrx_word' id='word_1_913' title='bbox 1693 5207 1856 5263; x_wconf 89' lang='lat' dir='ltr'>limen</span> <span class='ocrx_word' id='word_1_914' title='bbox 1876 5224 2007 5264; x_wconf 81' lang='lat' dir='ltr'>vero</span> <span class='ocrx_word' id='word_1_915' title='bbox 2021 5217 2189 5279; x_wconf 80' lang='lat' dir='ltr'>portae</span> <span class='ocrx_word' id='word_1_916' title='bbox 2212 5210 2571 5272; x_wconf 86' lang='lat' dir='ltr'>intrinsecus;</span> <span class='ocrx_word' id='word_1_917' title='bbox 2604 5204 2923 5275; x_wconf 84' lang='lat' dir='ltr'>parastades</span> <span class='ocrx_word' id='word_1_918' title='bbox 2938 5212 3118 5258; x_wconf 85' lang='lat' dir='ltr'>autem</span> <span class='ocrx_word' id='word_1_919' title='bbox 3138 5210 3307 5271; x_wconf 82' lang='lat' dir='ltr'>portae</span> <span class='ocrx_word' id='word_1_920' title='bbox 3320 5216 3512 5258; x_wconf 85' lang='lat' dir='ltr'>versus</span> 
     </span>
     <span class='ocr_line' id='line_1_89' title="bbox 273 5261 3512 5349; baseline 0.005 -37"><span class='ocrx_word' id='word_1_921' title='bbox 273 5271 407 5314; x_wconf 77' lang='lat' dir='ltr'>nam</span> <span class='ocrx_word' id='word_1_922' title='bbox 435 5261 791 5346; x_wconf 45' lang='lat' dir='ltr'>orientalem,</span> <span class='ocrx_word' id='word_1_923' title='bbox 814 5274 924 5347; x_wconf 74' lang='lat' dir='ltr'>tres</span> <span class='ocrx_word' id='word_1_924' title='bbox 957 5267 1105 5334; x_wconf 83' lang='lat' dir='ltr'>hinc,</span> <span class='ocrx_word' id='word_1_925' title='bbox 1134 5280 1189 5326; x_wconf 91' lang='lat' dir='ltr'>et</span> <span class='ocrx_word' id='word_1_926' title='bbox 1219 5281 1329 5329; x_wconf 85' lang='lat' dir='ltr'>tres</span> <span class='ocrx_word' id='word_1_927' title='bbox 1358 5272 1503 5338; x_wconf 89' lang='lat' dir='ltr'>inde,</span> <span class='ocrx_word' id='word_1_928' title='bbox 1541 5277 1704 5333; x_wconf 75' lang='lat' dir='ltr'>uinus</span> <span class='ocrx_word' id='word_1_929' title='bbox 1747 5293 2019 5335; x_wconf 84' lang='lat' dir='ltr'>mensurae</span> <span class='ocrx_word' id='word_1_930' title='bbox 2055 5287 2167 5334; x_wconf 89' lang='lat' dir='ltr'>tres</span> <span class='ocrx_word' id='word_1_931' title='bbox 2207 5279 2335 5349; x_wconf 85' lang='lat' dir='ltr'>illae,</span> <span class='ocrx_word' id='word_1_932' title='bbox 2370 5290 2436 5335; x_wconf 75' lang='lat' dir='ltr'>-t-</span> <span class='ocrx_word' id='word_1_933' title='bbox 2464 5285 2519 5333; x_wconf 80' lang='lat' dir='ltr'>et</span> <span class='ocrx_word' id='word_1_934' title='bbox 2547 5291 2578 5332; x_wconf 90' lang='lat' dir='ltr'>e</span> <span class='ocrx_word' id='word_1_935' title='bbox 2621 5274 2903 5329; x_wconf 88' lang='lat' dir='ltr'>contrario</span> <span class='ocrx_word' id='word_1_936' title='bbox 2941 5286 3213 5328; x_wconf 86' lang='lat' dir='ltr'>mensurae</span> <span class='ocrx_word' id='word_1_937' title='bbox 3244 5271 3428 5337; x_wconf 85' lang='lat' dir='ltr'>unius,</span> <span class='ocrx_word' id='word_1_938' title='bbox 3455 5278 3512 5327; x_wconf 78' lang='lat' dir='ltr'>et</span> 
     </span>
     <span class='ocr_line' id='line_1_90' title="bbox 270 5331 3507 5418; baseline 0.004 -34"><span class='ocrx_word' id='word_1_939' title='bbox 270 5343 520 5412; x_wconf 80' lang='lat' dir='ltr'>mensura</span> <span class='ocrx_word' id='word_1_940' title='bbox 546 5347 651 5386; x_wconf 84' lang='lat' dir='ltr'>una</span> <span class='ocrx_word' id='word_1_941' title='bbox 681 5331 888 5392; x_wconf 79' lang='lat' dir='ltr'>ltmtnts</span> <span class='ocrx_word' id='word_1_942' title='bbox 915 5337 1044 5392; x_wconf 82' lang='lat' dir='ltr'>hinc</span> <span class='ocrx_word' id='word_1_943' title='bbox 1072 5348 1127 5395; x_wconf 87' lang='lat' dir='ltr'>et</span> <span class='ocrx_word' id='word_1_944' title='bbox 1149 5342 1272 5400; x_wconf 88' lang='lat' dir='ltr'>inde</span> <span class='ocrx_word' id='word_1_945' title='bbox 1306 5345 1353 5399; x_wconf 75' lang='lat'>⁶.</span> <span class='ocrx_word' id='word_1_946' title='bbox 1428 5341 1502 5417; x_wconf 75' lang='lat'>(9)</span> <span class='ocrx_word' id='word_1_947' title='bbox 1537 5343 1621 5411; x_wconf 87' lang='grc'>8.,</span> <span class='ocrx_word' id='word_1_948' title='bbox 1648 5355 1702 5402; x_wconf 93' lang='lat' dir='ltr'>et</span> <span class='ocrx_word' id='word_1_949' title='bbox 1741 5349 2032 5404; x_wconf 87' lang='lat' dir='ltr'>terminum</span> <span class='ocrx_word' id='word_1_950' title='bbox 2061 5360 2187 5404; x_wconf 91' lang='lat' dir='ltr'>ante</span> <span class='ocrx_word' id='word_1_951' title='bbox 2206 5349 2545 5418; x_wconf 73' lang='lat' dir='ltr'>parastados.</span> <span class='ocrx_word' id='word_1_952' title='bbox 2627 5344 2703 5417; x_wconf 70' lang='lat' dir='ltr'>(h)</span> <span class='ocrx_word' id='word_1_953' title='bbox 2730 5344 2891 5397; x_wconf 81' lang='grc' dir='ltr'><strong>ΘΑΥ.</strong></span> <span class='ocrx_word' id='word_1_954' title='bbox 2922 5341 3006 5407; x_wconf 89' lang='grc'>8.,</span> <span class='ocrx_word' id='word_1_955' title='bbox 3025 5340 3346 5413; x_wconf 84' lang='lat' dir='ltr'>parastades</span> <span class='ocrx_word' id='word_1_956' title='bbox 3375 5356 3507 5397; x_wconf 80' lang='lat' dir='ltr'>vero</span> 
     </span>
     <span class='ocr_line' id='line_1_91' title="bbox 269 5390 3503 5490; baseline 0.004 -36"><span class='ocrx_word' id='word_1_957' title='bbox 269 5413 359 5456; x_wconf 76' lang='lat' dir='ltr'>sex</span> <span class='ocrx_word' id='word_1_958' title='bbox 387 5401 696 5484; x_wconf 71' lang='lat' dir='ltr'>cubitorum</span> <span class='ocrx_word' id='word_1_959' title='bbox 721 5403 798 5486; x_wconf 34' lang='lat' dir='ltr'>&#39;ab</span> <span class='ocrx_word' id='word_1_960' title='bbox 826 5408 975 5463; x_wconf 90' lang='lat' dir='ltr'>omni</span> <span class='ocrx_word' id='word_1_961' title='bbox 1006 5409 1189 5467; x_wconf 84' lang='lat' dir='ltr'>latere.</span> <span class='ocrx_word' id='word_1_962' title='bbox 1272 5390 1333 5486; x_wconf 65' lang='grc' dir='ltr'>(ἦ</span> <span class='ocrx_word' id='word_1_963' title='bbox 1380 5413 1463 5480; x_wconf 83' lang='lat' dir='ltr'>S.‚</span> <span class='ocrx_word' id='word_1_964' title='bbox 1505 5426 1558 5470; x_wconf 88' lang='lat' dir='ltr'>ct</span> <span class='ocrx_word' id='word_1_965' title='bbox 1605 5415 1734 5472; x_wconf 84' lang='lat' dir='ltr'>l&#39;ecit</span> <span class='ocrx_word' id='word_1_966' title='bbox 1788 5420 2081 5488; x_wconf 84' lang='lat' dir='ltr'>peristases</span> <span class='ocrx_word' id='word_1_967' title='bbox 2120 5427 2327 5490; x_wconf 86' lang='lat' dir='ltr'>septem</span> <span class='ocrx_word' id='word_1_968' title='bbox 2358 5419 2692 5480; x_wconf 82' lang='lat' dir='ltr'>cubitorum,</span> <span class='ocrx_word' id='word_1_969' title='bbox 2718 5422 2773 5470; x_wconf 82' lang='lat' dir='ltr'>et</span> <span class='ocrx_word' id='word_1_970' title='bbox 2809 5414 2863 5467; x_wconf 93' lang='lat' dir='ltr'>in</span> <span class='ocrx_word' id='word_1_971' title='bbox 2897 5412 3005 5476; x_wconf 86' lang='lat' dir='ltr'>his,</span> <span class='ocrx_word' id='word_1_972' title='bbox 3047 5426 3169 5481; x_wconf 78' lang='lat' dir='ltr'>quae</span> <span class='ocrx_word' id='word_1_973' title='bbox 3195 5412 3264 5467; x_wconf 89' lang='lat' dir='ltr'>ad</span> <span class='ocrx_word' id='word_1_974' title='bbox 3305 5411 3503 5467; x_wconf 83' lang='lat' dir='ltr'>atrium</span> 
     </span>
    </p>

    <p class='ocr_par' dir='ltr' id='par_1_15' title="bbox 285 5477 3501 5755">
     <span class='ocr_line' id='line_1_92' title="bbox 337 5477 3501 5601; baseline 0.004 -77"><span class='ocrx_word' id='word_1_975' title='bbox 337 5481 432 5526; x_wconf 78' lang='lat' dir='ltr'>rtae</span> <span class='ocrx_word' id='word_1_976' title='bbox 457 5483 876 5562; x_wconf 72' lang='lat' dir='ltr'>pet-circuitum.</span> <span class='ocrx_word' id='word_1_977' title='bbox 955 5477 1028 5601; x_wconf 48' lang='grc' dir='ltr'>με)</span> <span class='ocrx_word' id='word_1_978' title='bbox 1059 5480 1146 5544; x_wconf 83' lang='lat' dir='ltr'>S..</span> <span class='ocrx_word' id='word_1_979' title='bbox 1168 5498 1361 5540; x_wconf 82' lang='lat' dir='ltr'>versus</span> <span class='ocrx_word' id='word_1_980' title='bbox 1384 5483 1575 5540; x_wconf 84' lang='lat' dir='ltr'>l&#39;acicm</span> <span class='ocrx_word' id='word_1_981' title='bbox 1604 5503 1735 5543; x_wconf 85' lang='lat' dir='ltr'>vero</span> <span class='ocrx_word' id='word_1_982' title='bbox 1760 5501 1930 5558; x_wconf 79' lang='lat' dir='ltr'>portae</span> <span class='ocrx_word' id='word_1_983' title='bbox 1963 5490 2077 5544; x_wconf 88' lang='lat' dir='ltr'>anti</span> <span class='ocrx_word' id='word_1_984' title='bbox 2122 5505 2205 5544; x_wconf 84' lang='lat' dir='ltr'>uae</span> <span class='ocrx_word' id='word_1_985' title='bbox 2232 5498 2424 5545; x_wconf 87' lang='lat' dir='ltr'>contra</span> <span class='ocrx_word' id='word_1_986' title='bbox 2480 5486 2674 5542; x_wconf 84' lang='lat' dir='ltr'>l&#39;aciem</span> <span class='ocrx_word' id='word_1_987' title='bbox 2719 5483 2973 5540; x_wconf 80' lang='lat' dir='ltr'>vestibuli</span> <span class='ocrx_word' id='word_1_988' title='bbox 2995 5490 3168 5554; x_wconf 80' lang='lat' dir='ltr'>portae</span> <span class='ocrx_word' id='word_1_989' title='bbox 3201 5482 3501 5564; x_wconf 72' lang='lat' dir='ltr'>interioris.</span> 
     </span>
     <span class='ocr_line' id='line_1_93' title="bbox 287 5505 3500 5667; baseline 0.003 -70"><span class='ocrx_word' id='word_1_990' title='bbox 287 5539 326 5667; x_wconf 48' lang='grc' dir='ltr'>ξ)</span> <span class='ocrx_word' id='word_1_991' title='bbox 350 5541 545 5597; x_wconf 82' lang='lat' dir='ltr'>Portae.</span> <span class='ocrx_word' id='word_1_992' title='bbox 622 5543 716 5614; x_wconf 87' lang='lat' dir='ltr'>(m)</span> <span class='ocrx_word' id='word_1_993' title='bbox 752 5550 839 5612; x_wconf 66' lang='grc'>8.,</span> <span class='ocrx_word' id='word_1_994' title='bbox 869 5556 924 5602; x_wconf 89' lang='lat' dir='ltr'>et</span> <span class='ocrx_word' id='word_1_995' title='bbox 975 5563 1204 5609; x_wconf 75' lang='lat' dir='ltr'>enestrae</span> <span class='ocrx_word' id='word_1_996' title='bbox 1235 5555 1468 5625; x_wconf 69' lang='lat' dir='ltr'>obliquae</span> <span class='ocrx_word' id='word_1_997' title='bbox 1491 5556 1558 5612; x_wconf 84' lang='lat' dir='ltr'>ad</span> <span class='ocrx_word' id='word_1_998' title='bbox 1589 5560 1926 5628; x_wconf 82' lang='lat' dir='ltr'>parastades,</span> <span class='ocrx_word' id='word_1_999' title='bbox 1964 5567 2021 5613; x_wconf 90' lang='lat' dir='ltr'>et</span> <span class='ocrx_word' id='word_1_1000' title='bbox 2051 5505 2120 5614; x_wconf 53' lang='lat' dir='ltr'>aa</span> <span class='ocrx_word' id='word_1_1001' title='bbox 2143 5560 2458 5627; x_wconf 83' lang='lat' dir='ltr'>peristases.</span> <span class='ocrx_word' id='word_1_1002' title='bbox 2526 5556 2605 5628; x_wconf 82' lang='lat' dir='ltr'>(n)</span> <span class='ocrx_word' id='word_1_1003' title='bbox 2633 5553 2715 5610; x_wconf 86' lang='lat' dir='ltr'>S..</span> <span class='ocrx_word' id='word_1_1004' title='bbox 2744 5554 2979 5618; x_wconf 84' lang='lat' dir='ltr'>exedrae,</span> <span class='ocrx_word' id='word_1_1005' title='bbox 3022 5561 3077 5606; x_wconf 91' lang='lat' dir='ltr'>et</span> <span class='ocrx_word' id='word_1_1006' title='bbox 3106 5559 3500 5621; x_wconf 77' lang='lat' dir='ltr'>pavimentum.</span> 
     </span>
     <span class='ocr_line' id='line_1_94' title="bbox 285 5613 337 5755; baseline 0 0"><span class='ocrx_word' id='word_1_1007' title='bbox 285 5613 337 5755; x_wconf 74' lang='lat'>‚3</span> 
     </span>
    </p>
   </div>
   <div class='ocr_carea' id='block_1_14' title="bbox 355 5612 3502 5765">
    <p class='ocr_par' dir='ltr' id='par_1_16' title="bbox 355 5612 3502 5765">
     <span class='ocr_line' id='line_1_95' title="bbox 355 5612 3502 5704; baseline 0.003 -37"><span class='ocrx_word' id='word_1_1008' title='bbox 355 5612 768 5672; x_wconf 85' lang='lat' dir='ltr'>Columnarum.</span> <span class='ocrx_word' id='word_1_1009' title='bbox 843 5619 918 5704; x_wconf 66' lang='lat' dir='ltr'>(p)</span> <span class='ocrx_word' id='word_1_1010' title='bbox 947 5619 1032 5686; x_wconf 85' lang='lat' dir='ltr'>S.‚</span> <span class='ocrx_word' id='word_1_1011' title='bbox 1058 5621 1128 5676; x_wconf 84' lang='lat' dir='ltr'>ab</span> <span class='ocrx_word' id='word_1_1012' title='bbox 1151 5638 1218 5679; x_wconf 92' lang='lat' dir='ltr'>eo</span> <span class='ocrx_word' id='word_1_1013' title='bbox 1244 5627 1390 5694; x_wconf 85' lang='lat' dir='ltr'>quod</span> <span class='ocrx_word' id='word_1_1014' title='bbox 1411 5635 1556 5683; x_wconf 83' lang='lat' dir='ltr'>ante.</span> <span class='ocrx_word' id='word_1_1015' title='bbox 1599 5630 1670 5700; x_wconf 80' lang='lat' dir='ltr'>(q)</span> <span class='ocrx_word' id='word_1_1016' title='bbox 1704 5625 1859 5698; x_wconf 83' lang='lat' dir='ltr'>S.‚et</span> <span class='ocrx_word' id='word_1_1017' title='bbox 1877 5629 2196 5701; x_wconf 74' lang='lat' dir='ltr'>parastades</span> <span class='ocrx_word' id='word_1_1018' title='bbox 2216 5629 2355 5702; x_wconf 77' lang='lat' dir='ltr'>ejtts.</span> <span class='ocrx_word' id='word_1_1019' title='bbox 2395 5628 2466 5702; x_wconf 82' lang='lat' dir='ltr'>(r)</span> <span class='ocrx_word' id='word_1_1020' title='bbox 2491 5626 2576 5696; x_wconf 86' lang='grc'>8.,</span> <span class='ocrx_word' id='word_1_1021' title='bbox 2605 5635 2660 5683; x_wconf 90' lang='lat' dir='ltr'>et</span> <span class='ocrx_word' id='word_1_1022' title='bbox 2690 5625 2878 5690; x_wconf 90' lang='lat' dir='ltr'>limen,</span> <span class='ocrx_word' id='word_1_1023' title='bbox 2898 5622 3047 5695; x_wconf 89' lang='lat' dir='ltr'>quod</span> <span class='ocrx_word' id='word_1_1024' title='bbox 3073 5635 3240 5693; x_wconf 85' lang='lat' dir='ltr'>supra</span> <span class='ocrx_word' id='word_1_1025' title='bbox 3266 5631 3502 5692; x_wconf 82' lang='lat' dir='ltr'>portam.</span> 
     </span>
     <span class='ocr_line' id='line_1_96' title="bbox 358 5679 1395 5765; baseline 0.009 -25"><span class='ocrx_word' id='word_1_1026' title='bbox 358 5679 442 5754; x_wconf 83' lang='lat' dir='ltr'>S.‚</span> <span class='ocrx_word' id='word_1_1027' title='bbox 470 5693 594 5740; x_wconf 87' lang='lat' dir='ltr'>ante</span> <span class='ocrx_word' id='word_1_1028' title='bbox 624 5695 838 5754; x_wconf 80' lang='lat' dir='ltr'>portam</span> <span class='ocrx_word' id='word_1_1029' title='bbox 878 5692 937 5763; x_wconf 84' lang='grc' dir='ltr'><strong>(ι.</strong></span> <span class='ocrx_word' id='word_1_1030' title='bbox 969 5707 1020 5745; x_wconf 85' lang='lat' dir='ltr'>e.</span> <span class='ocrx_word' id='word_1_1031' title='bbox 1041 5694 1395 5765; x_wconf 70' lang='lat' dir='ltr'>vestibulum).</span> 
     </span>
    </p>
   </div>
   <div class='ocr_carea' id='block_1_15' title="bbox 575 5776 3185 5860">
    <p class='ocr_par' dir='ltr' id='par_1_17' title="bbox 575 5776 3185 5860">
     <span class='ocr_line' id='line_1_97' title="bbox 575 5776 3185 5860; baseline 0.006 -22"><span class='ocrx_word' id='word_1_1032' title='bbox 575 5776 851 5860; x_wconf 58' lang='lat' dir='ltr'>lfnnot..</span> <span class='ocrx_word' id='word_1_1033' title='bbox 915 5783 1037 5848; x_wconf 79' lang='lat' dir='ltr'>Gn.</span> <span class='ocrx_word' id='word_1_1034' title='bbox 1075 5786 1245 5853; x_wconf 78' lang='lat' dir='ltr'>xvt.</span> <span class='ocrx_word' id='word_1_1035' title='bbox 3105 5779 3185 5844; x_wconf 73' lang='lat'>8⁸1</span> 
     </span>
    </p>
   </div>
  </div>
 </body>
</html>
