3967 6217
486 258 620 314 2731

1612 256 1836 313 CODEX
1867 254 2655 330 statano-umatum&

3728 257 3813 316 272

484 370 539 424 in
568 369 660 424 dic
687 367 860 423 ruinae
889 369 1123 434 tua-,38
1159 368 1226 425 ad
1259 384 1445 425 vocem
1477 370 1738 425 clamoris
1762 370 1838 424 tui
1864 370 2059 439 guber·-
2085 373 2133 429 Α
2161 381 2313 437 gens,
2366 369 2639 433 sardium,
2691 377 2765 425 et
2834 364 3224 437 topazium,
3286 372 3352 419 et
3412 365 3748 434 smaragdum.
3784 385 3813 426 a

485 470 705 515 natores
738 460 819 514 tui
862 458 932 531 (c)
965 459 1205 516 timendo
1253 460 1537 516 timebunt.
1578 462 1667 516 29.
1721 464 1789 518 Et
1834 461 2060 517 descen-

484 549 615 603 dent
659 548 724 603 de
778 548 1006 603 navibus
1064 550 1184 605 suis
1230 564 1421 606 omues
1478 551 1736 607 ductores
1785 566 2060 608 remorum

485 646 729 702 tuorum,
756 647 810 693 et
840 638 1091 708 epibatae,
1119 650 1175 696 et
1202 641 1452 698 sedentes
1486 642 1540 697 in
1564 657 1727 712 prora
1758 643 1914 699 navis
1944 658 2063 698 ma-

485 729 565 785 ris
591 738 979 799 superterram
1016 731 1255 799 stabunt,
1301 733 1390 788 30.
1427 743 1484 791 et
1509 734 1793 790 ululabunt
1824 749 1989 805 super
2012 746 2065 792 te

484 833 620 875 voce
650 834 772 885 sua,
801 828 856 876 et
885 819 1201 878 clamabunt
1228 837 1435 891 amare,
1476 833 1530 880 ct
1551 824 1758 895 iacient
1782 825 2060 895 pulverem

486 922 653 978 super
714 917 877 980 caput
926 925 1108 977 suum,
1169 920 1224 966 et
1260 911 1499 968 cinerem
1526 922 1772 969 sternent
1799 914 1926 968 sibi.
1965 913 2059 969 51.

487 995 646 1065 *Et
680 996 1042 1056 decalttabunt
1089 1016 1254 1072 super
1294 1010 1349 1065 te
1394 1001 1661 1068 calvities,
1696 1011 1752 1058 et
1776 1004 2063 1073 accingent

485 1104 697 1157 saccos,
725 1099 783 1146 et
810 1090 1016 1148 flebunt
1040 1108 1142 1163 pro
1180 1103 1232 1150 te
1275 1094 1330 1149 in
1360 1094 1820 1152 amaritudinibus
1841 1095 2058 1159 animae,

484 1187 537 1236 et
594 1181 870 1251 planctum
913 1199 1208 1240 amarum:
1240 1185 1329 1239 52.
1387 1193 1605 1242 sument
1658 1199 1826 1258 super
1864 1196 1916 1242 te
1959 1186 2063 1242 filii

481 1286 672 1328 eorum
702 1273 1163 1342 lamentationem,
1214 1277 1513 1333 lamentum
1554 1276 1681 1351 Tyri
1717 1297 1730 1334 :
1759 1278 1885 1349 quis
1923 1278 2066 1334 sicut

484 1360 681 1434 Tyrus,
709 1380 832 1434 quae
863 1365 1138 1421 obmutuit
1171 1367 1227 1421 in
1270 1366 1452 1423 medio
1474 1370 1679 1425 maris?
1707 1369 1730 1439 ζ
1761 1371 1851 1434 55,
1879 1368 2066 1436 Quan-

482 1469 621 1525 tam,
647 1474 814 1531 quam
845 1458 1148 1513 mercedem
1190 1458 1443 1515 invenisti
1483 1461 1553 1516 de
1594 1462 1771 1516 mari?
1801 1462 2059 1519 saturasti

369 1581 382 1600 .
485 1560 675 1617 gentes
719 1565 788 1606 ex
847 1549 1195 1605 multitudine
1238 1558 1356 1614 tua.
1412 1559 1466 1606 et
1531 1567 1562 1607 a
1623 1553 1914 1609 commisto
1967 1564 2062 1609 tuo

483 1641 674 1696 ditasti
700 1653 894 1695 omnes
918 1654 1073 1710 reges
1109 1646 1285 1695 terrae.
1310 1639 1400 1694 54.
1427 1638 1584 1695 Nunc
1604 1639 1886 1696 confracta
1913 1656 1976 1696 es
2004 1640 2059 1696 in

483 1732 647 1797 mari,
686 1732 741 1787 in
769 1730 1040 1803 profundo
1083 1747 1237 1803 aquae
1264 1733 1613 1789 commistum
1658 1731 1756 1800 tui,
1788 1741 1845 1788 et
1879 1732 2061 1787 omnis

482 1831 661 1882 coetus
701 1833 826 1880 tuus
860 1823 914 1878 in
959 1824 1140 1879 medio
1185 1823 1281 1880 tui.
1340 1823 1427 1879 35.
1495 1822 1821 1879 Ceciderunt
1863 1837 2059 1879 omncs

482 1914 739 1971 ductores
787 1929 1070 1970 remorum
1114 1922 1355 1979 tuorum,
1402 1929 1594 1970 omnes
1636 1913 1948 1969 habitantes
2002 1913 2056 1968 in

482 2005 680 2062 insulis
716 2004 1032 2062 ‘contristati
1074 2014 1204 2061 sunt
1253 2020 1419 2077 super
1456 2013 1529 2071 te,
1567 2014 1622 2061 et
1671 2019 1827 2075 reges
1865 2019 2057 2059 corum

480 2105 707 2169 stupore
750 2097 1148 2167 obstupuerunt
1198 2095 1299 2166 (d),
1349 2105 1406 2151 et
1446 2094 1725 2150 lacrimam
1766 2101 1851 2151 est
1890 2092 2058 2150 facies

478 2205 670 2246 eorum
698 2204 864 2261 super
899 2197 975 2244 te.
1007 2189 1097 2244 56.
1125 2185 1504 2258 Negotiatores
1528 2203 1560 2243 e
1592 2186 1843 2258 gentibus
1870 2185 2059 2242 sibila-

477 2291 676 2339 verunt
701 2298 867 2354 super
894 2291 948 2338 te
974 2300 996 2336 r
1021 2281 1255 2352 perditio
1298 2280 1439 2335 iacta
1466 2294 1549 2344 es,
1595 2287 1650 2333 et
1679 2293 1789 2334 uon
1819 2279 2058 2349 amplius

477 2377 589 2435 eris
615 2378 669 2432 in
701 2376 986 2441 saeculum,
1022 2374 1155 2430 dicit
1181 2374 1393 2429 Adonai
1419 2372 1707 2430 Dominus.

547 2469 698 2526 CAP.
719 2467 1059 2524 xxviii—t
1073 2507 1086 2521 .
1109 2466 1283 2537 Super
1301 2465 1572 2536 principes
1591 2463 1739 2534 Tyri.
1764 2464 1832 2519 Et
1853 2463 2059 2519 iactum

476 2566 562 2613 est
606 2556 837 2613 verbum
882 2554 1097 2611 Domini
1135 2555 1202 2610 ad
1239 2569 1345 2618 me,
1379 2553 1568 2609 dicens
1602 2553 1698 2608 rs.
1746 2552 1812 2609 Et
1853 2566 1933 2618 tu,
1980 2553 2055 2607 iili

475 2647 735 2715 hominis,
796 2646 888 2703 dic
937 2645 1166 2716 principi
1218 2644 1391 2716 Tyrie
1429 2642 1556 2701 Haec
1603 2644 1737 2701 dicit
1786 2644 2055 2701 Dominus

475 2739 743 2797 Dominus
774 2757 790 2794 ε
826 2738 933 2795 Pro
958 2754 1024 2794 eo
1054 2737 1202 2810 quod
1225 2737 1492 2793 elevatum
1530 2746 1614 2794 est
1655 2754 1752 2795 cor
1783 2748 1959 2803 tuum.
2000 2748 2053 2794 et

474 2832 662 2888 dixisti
694 2830 877 2887 :Deus
907 2845 1027 2886 sum
1062 2846 1184 2902 ego,
1223 2830 1588 2889 habitaculum
1617 2830 1711 2886 Dei
1756 2831 2053 2887 inhabitavi

475 2925 533 2980 in
554 2923 722 2980 corde
748 2922 938 2989 maris,
970 2932 1027 2978 tu
1056 2930 1237 2978 autem
1266 2938 1326 2979 es
1355 2923 1543 2991 horno,
1578 2932 1633 2980 et
1660 2938 1768 2980 non
1799 2922 1964 2985 Deus.
2000 2928 2056 2977 et

2165 459 2583 528 carbunculum,
2646 468 2700 515 et
2794 455 3164 530 saphirum
3192 497 3214 522 ,
3300 464 3365 510 et
3434 454 3811 526 jaspidem-r«

2164 561 2470 622 argentum,
2505 560 2560 608 et
2590 566 2805 608 aurum
2848 552 2913 619 ζ,
2950 558 3024 605 et
3078 546 3416 620 ligurium.
3452 555 3513 601 et
3552 548 3811 612 achaiam

2163 644 2553 716 amethystum,
2579 650 2635 699 et
2659 640 3184 715 chrysolithum,
3216 637 3626 710 est-beryllum,
3656 647 3703 693 et
3734 655 3808 709 on-

2163 741 2342 808 citem,
2372 749 2426 795 et
2451 754 2588 795 auro
2617 737 2972 811 implevisti
3034 735 3388 791 thesauros
3422 741 3576 797 tuos,
3610 742 3663 786 et
3688 731 3809 788 tom

2164 842 2257 887 tua
2281 833 2399 888 tibi.
2441 832 2530 887 u.
2569 832 2616 886 A
2644 831 2753 897 die,
2788 842 2939 900 quo
2977 833 3255 883 creatus
3282 838 3382 886 es,
3414 820 3590 892 κω)
3622 835 3808 890 prepara·

2164 933 2294 982 runt
2327 927 2351 997 2
2382 939 2504 981 cum
2529 921 2860 993 *Cherub
2900 929 3142 984 uncto.
3180 914 3587 973 commoranti
3626 915 3807 968 inuus-

2164 1016 2360 1073 nacuio
2387 1017 2412 1087 ζ
2448 1034 2463 1071 :
2496 1023 2552 1071 et
2575 1013 2700 1070 dedi
2731 1022 2784 1069 te
2816 1011 2889 1068 in
2923 1017 3164 1069 monte
3203 1014 3432 1064 saneto
3458 1004 3581 1070 Dei,
3616 1003 3807 1061 tactust-2

2164 1107 2221 1162 in
2242 1106 2422 1164 medio
2449 1105 2691 1178 lapidum
2724 1104 3109 1176 igneorum.
3144 1099 3259 1155 15.
3292 1095 3489 1154 Fuisti
3520 1096 3643 1152 sine
3660 1097 3806 1150 mamb

2164 1208 2222 1254 tu
2251 1199 2307 1252 in
2340 1197 2535 1254 diebus
2558 1196 2693 1261 tuis,
2728 1210 2761 1250 a
2798 1193 2937 1261 die,
2996 1206 3141 1263 quo
3174 1199 3247 1246 tu
3284 1199 3535 1245 creatus
3570 1202 3648 1254 es,
3692 1185 3805 1241 donec

2165 1291 2399 1347 inventae
2427 1287 2864 1359 suntinjustitioe
2894 1293 3037 1340 ωε
3066 1283 3138 1339 in
3177 1289 3265 1338 te.
3306 1279 3419 1336 ¹6:
3440 1279 3487 1333 A
3520 1279 3801 1335 multitudine

2164 1384 2556 1456 negotiationis
2590 1391 2700 1438 tuae
2724 1377 3073 1451 implevisti
3106 1373 3210 1447 (Ιι)
3251 1373 3504 1434 cetiaria
3534 1381 3627 1427 tua
3655 1371 3797 1440 iniqui·
3832 1357 3835 1388 ⁸

2164 1483 2297 1542 tate,
2340 1484 2396 1530 et
2422 1473 2680 1546 peccasti,
2725 1480 2777 1526 et
2819 1481 3191 1540 percussus
3228 1481 3304 1522 es
3345 1479 3381 1520 a
3423 1471 3612 1519 monto
3638 1460 3789 1515 Dcite

2164 1565 2389 1621 adduxit
2419 1573 2471 1619 te
2491 1563 2712 1620 Cherub
2726 1558 3222 1631 *obumbrans
3245 1556 3273 1624 ζ
3294 1554 3375 1611 de
3396 1553 3589 1610 medio
3614 1552 3789 1620 lapidu-

2164 1659 2474 1727 igneorum.
2521 1654 2609 1709 17.
2656 1652 2870 1708 Elatum
2928 1657 3037 1708 est
3078 1662 3203 1705 eor
3242 1655 3420 1703 tuum
3462 1641 3779 1715 superdeoere

2162 1757 2278 1816 tuo,
2308 1755 2567 1816 corrupta
2594 1753 2679 1801 est
2698 1742 2935 1800 scicntia
2982 1750 3101 1796 tua
3160 1752 3314 1795 eum
3370 1737 3579 1793 decore
3618 1742 3777 1788 tuoz÷
3836 1819 3837 1826 ἵ

2161 1848 2384 1912 propter
2430 1838 2838 1894 multitudinem
2884 1845 3326 1909 peccatorum
3362 1841 3592 1887 tuorum
3620 1825 3769 1894 :supe

2162 1941 2360 1987 terram
2395 1929 2599 2000 projeci
2649 1937 2720 1995 te,
2751 1941 2943 1983 eoram
2976 1926 3248 1998 regibus
3278 1922 3418 1979 dedi
3448 1929 3526 1984 te,
3559 1924 3617 1971 ut
3639 1911 3765 1969 illude·

2159 2021 2318 2078 reris.
2366 2021 2457 2077 18.
2509 2022 2741 2097 Propter
2794 2017 3267 2074 multitudinem
3340 2012 3417 2085 (ι’)
3478 2012 3756 2098 peccawmt

2160 2120 2403 2177 tuorum,
2432 2120 2489 2168 et
2511 2109 2911 2181 injustitiarum
2941 2101 3407 2177 negotiationis
3430 2107 3540 2155 ωε
3560 2094 3630 2164 (ἃ)
3646 2091 3755 2164 ΡΜ·

2160 2205 2222 2276 (l)
2253 2220 2411 2262 sacra
2458 2215 2570 2273 tua,
2618 2214 2673 2260 et
2715 2201 2945 2260 educam
2988 2203 3211 2274 ignem
3249 2202 3333 2255 de
3372 2196 3565 2254 medio
3591 2191 3672 2254 mi,
3697 2185 3751 2240 1²52

2166 2296 2451 2353 devorabit
2480 2305 2532 2352 te
2559 2313 2574 2351 ε
2606 2304 2661 2352 et
2687 2293 2829 2350 dabo
2860 2303 2911 2349 te
2942 2293 3003 2349 in
3038 2293 3322 2350 cinerem
3356 2299 3531 2360 super
3554 2287 3745 2340 tert-⁸2⁸⁸

2159 2399 2342 2443 coram
2384 2386 2640 2441 omnibus
2669 2382 2978 2440 videntibus
3038 2393 3126 2439 te.
3182 2382 3286 2437 19.
3336 2379 3409 2434 Et
3460 2385 3653 2438 omues,
3684 2367 3741 2436 ιη’

2160 2488 2429 2536 noverunt
2458 2487 2510 2532 te
2536 2478 2605 2533 in·
2644 2474 2916 2546 gentibus.
2942 2471 3482 2530 contristabuntur
3513 2474 3655 2534 supet
3678 2470 3731 2510 tet

2158 2566 2387 2639 perditio
2430 2563 2608 2619 i‘actns
2640 2578 2722 2626 es.
2756 2573 2811 2618 et
2847 2577 2957 2617 non
2988 2561 3263 2618 exsistes
3305 2555 3552 2627 amplius
3588 2552 3637 2606 in
3669 2561 3732 2601 π·

2157 2659 2363 2715 cuium.
2391 2654 2481 2712 20.
2509 2655 2684 2725 Super
2714 2652 2996 2710 Sidonem.
3054 2652 3136 2707 Et
3170 2650 3397 2707 tadum
3444 2653 3530 2703 est
3567 2640 3723 2697 verbm

2157 2748 2377 2804 Domini
2434 2746 2503 2813 ad
2543 2758 2651 2809 me,
2704 2744 2901 2800 dicens
2932 2744 3075 2800 rat.
3128 2741 3251 2798 Fili
3325 2733 3588 2797 hominis,
3632 2737 3722 2799 pm

2157 2839 2349 2896 faciem
2412 2847 2559 2893 tuam
2620 2849 2785 2905 super
2838 2833 3133 2901 Sidonem,
3188 2841 3255 2889 et
3300 2827 3563 2902 propheta
3602 2829 3711 2886 Μ’

2155 2943 2298 2994 eam,
2327 2927 2419 2982 22.
2440 2926 2604 2984 etdic
2635 2943 2650 2980 ε
2679 2922 2807 2979 Haec
2842 2923 2975 2978 dicit
3009 2922 3246 2980 Adonai
3282 2919 3553 2975 nomimis
3576 2929 3591 2964 2
3613 2906 3707 2961 ΕΜ

449 3013 671 3071 -dodisti
716 3027 813 3070 cor
870 3023 1020 3070 tuum
1044 3054 1060 3081 ,
1115 3014 1259 3070 sicut
1312 3029 1409 3071 cor
1469 3013 1606 3083 Dei;
1667 3014 1722 3070 5.
1783 3013 2052 3085 numquid
2078 3033 2123 3092 c
2152 3039 2257 3095 ego
2289 3035 2454 3091 super
2492 3027 2564 3083 te,
2600 3015 2793 3080 sidon,
2817 3023 2868 3072 ei
2896 3014 3274 3085 glotino-bor
3313 3011 3374 3067 in
3402 3017 3476 3072 te,
3514 3013 3565 3059 et
3591 2998 3699 3058 setes.

478 3106 697 3177 sapiens
726 3121 786 3162 es
816 3106 939 3178 plus
964 3121 1130 3178 quam
1157 3106 1383 3163 Daniel?
1411 3116 1508 3163 aut
1541 3108 1610 3179 (e)
1643 3108 1918 3179 sapientes
1938 3122 2048 3163 non
2151 3116 2279 3187 quia
2323 3127 2428 3184 ego
2450 3125 2513 3167 -t-
2537 3124 2660 3170 sum
2693 3108 2716 3177 ζ
2746 3106 3033 3173 Dominus,
3080 3103 3333 3179 quando
3378 3102 3554 3157 fecero
3592 3093 3635 3146 iu
3670 3095 3703 3140 te

476 3200 797 3258 erudierunt
823 3206 875 3255 te
896 3199 950 3254 in
979 3198 1202 3256 scientia
1221 3214 1319 3255 sua
1338 3200 1436 3255 Ν.
1458 3199 1715 3270 Nunquid
1743 3200 1795 3256 in
1819 3200 2051 3256 scientia
2146 3204 2375 3277 judicia,
2404 3210 2459 3258 et
2486 3198 2871 3258 sanctificabor
2908 3198 2963 3252 in
3002 3205 3076 3254 te.
3114 3198 3221 3253 25.
3262 3193 3337 3250 Et
3366 3191 3566 3248 mittam
3586 3191 3701 3248 wir!

478 3307 593 3358 tua,
623 3302 719 3348 aut
747 3293 803 3348 in
838 3292 1134 3365 sagacitate
1168 3302 1259 3349 tua
1299 3292 1477 3349 fecisti
1511 3291 1609 3347 tibi
1653 3292 2046 3356 fortitudinem,

475 3396 529 3441 ct
571 3385 751 3443 fecisti
794 3401 1012 3452 aurum,
1059 3394 1112 3440 et
1151 3392 1433 3456 argentum
1475 3385 1529 3454 in
1573 3383 1849 3440 thesauris
1896 3383 2051 3440 tuis?

478 3476 530 3532 5.
578 3486 672 3531 aut
717 3477 773 3531 in
815 3477 1041 3532 scientia
1081 3485 1173 3531 tna
1225 3476 1418 3542 multa,
1472 3485 1534 3531 et
1578 3476 1633 3531 in
1686 3476 2052 3547 negotiatione

477 3566 843 3636 multiplicasti
901 3566 1272 3622 fortitudinem
1329 3575 1530 3621 tuam:
1572 3567 1772 3622 elatum
1822 3577 1906 3622 cst
1956 3581 2052 3621 cor

476 3668 633 3713 tuum
664 3655 720 3711 in
754 3655 1070 3711 Fortitudine
1108 3665 1220 3710 tua.
1261 3655 1315 3709 6.
1354 3653 1580 3727 Propter
1628 3657 1733 3713 lioc
1769 3658 1884 3712 iiaec
1921 3657 2054 3713 dicit

478 3746 744 3803 Dominus
783 3744 1048 3802 Dominus
1080 3762 1095 3800 t
1126 3746 1265 3813 Quia
1308 3744 1502 3802 dedisti
1557 3762 1652 3803 cor
1690 3755 1866 3812 tuum,
1907 3745 2060 3801 sicut

475 3854 575 3895 cor
599 3837 717 3906 Dei,
757 3838 812 3894 7.
865 3853 966 3909 pro
995 3837 1103 3894 lioc
1128 3852 1258 3894 ecce
1282 3852 1383 3909 ego
1418 3837 1631 3896 adduco
1653 3853 1818 3908 super
1850 3847 1902 3894 te
1924 3853 2050 3894 cor-

477 3940 727 4003 ruptores
754 3929 963 3987 alienos
993 3946 1024 3986 e
1052 3931 1325 4003 gentibus,
1366 3940 1421 3987 et
1467 3929 1809 3988 evacuabunt
1842 3929 2050 4003 gladios

477 4036 607 4077 suos
628 4035 793 4093 super
830 4030 902 4088 te,
944 4013 1002 4076 et
1050 4036 1218 4091 super
1256 4021 1505 4077 decorem
1548 4018 1789 4076 scientiae
1828 4029 1956 4089 tuae,
1997 4032 2051 4078 et

476 4121 718 4170 sternent
742 4112 992 4168 decorem
1017 4119 1169 4167 tuum
1192 4109 1247 4165 in
1269 4109 1648 4180 perditionem,
1668 4110 1722 4165 8.
1755 4121 1809 4166 ct
1826 4112 2052 4169 descen-

476 4205 606 4262 dere
646 4203 846 4261 facient
899 4213 972 4268 te,
1012 4211 1066 4258 et
1106 4202 1360 4259 morieris
1413 4211 1588 4258 morte
1631 4202 1939 4260 occisorum
1995 4206 2057 4262 in·

476 4297 640 4353 corde
668 4295 858 4352 maris.
885 4294 939 4349 9.
973 4293 1250 4364 Numquid
1284 4291 1514 4348 dicendo
1541 4291 1690 4349 dices
1717 4313 1732 4348 ι
1757 4292 1902 4351 Deus
1928 4309 2048 4350 sum

2154 3308 2205 3352 te
2232 3302 2486 3357 mortem,
2526 3300 2580 3348 et
2622 3290 2945 3360 sanguinem
2980 3289 3037 3345 in
3068 3288 3295 3359 plateis
3330 3282 3462 3349 tuis,
3486 3289 3537 3334 et
3558 3272 3698 3329 cadmi
3782 3345 3789 3356 Ι

2152 3387 2322 3445 occisi
2345 3389 2413 3456 Ji(
2433 3386 2489 3440 in
2518 3383 2699 3439 medio
2726 3383 2849 3452 eius
2880 3382 2905 3453 ζ
2934 3382 2988 3436 in
3020 3380 3238 3450 gladiis
3272 3378 3335 3434 in
3363 3385 3416 3432 te
3438 3372 3569 3429 circa
3590 3364 3695 3458 νβ
3778 3375 3787 3394 ’

2152 3479 2348 3544 scient,
2409 3477 2538 3547 quia
2569 3489 2672 3545 ego
2711 3489 2835 3530 sum
2880 3472 3179 3529 Dominus,
3229 3470 3329 3526 2⁴.
3380 3467 3451 3522 132
3494 3473 3588 3518 nou
3620 3456 3687 3507 ΕΠ*

2158 3568 2395 3639 amplius
2426 3567 2482 3620 in
2512 3566 2676 3620 domo
2704 3562 2925 3619 israelis
2952 3561 3222 3620 stimulus
3251 3546 3622 3616 aniaritudinfs,
3645 3547 3679 3592 θ

2158 3661 2316 3731 spina
2340 3656 2576 3713 miscriae
2600 3655 2671 3710 ab
2699 3655 2979 3722 omnibus,
3009 3652 3106 3725 qui
3138 3655 3301 3710 circa
3332 3663 3451 3714 eos,
3481 3641 3564 3716 qui
3584 3643 3671 3728 Ψξ·

2157 3763 2490 3816 verunteos,
2530 3758 2584 3806 et
2624 3749 2818 3814 scient,
2860 3746 2989 3818 quia
3036 3758 3137 3819 rgo
3164 3759 3300 3801 sum
3336 3731 3661 3796 Adonaiiw

2153 3861 2277 3902 nus.
2307 3843 2399 3899 25.
2427 3840 2555 3897 Haec
2576 3839 2708 3896 dicit
2738 3837 2951 3896 Adonai
2977 3836 3249 3894 Dominus
3282 3851 3299 3890 ε
3325 3810 3651 3894 Ειοοιιςιφὶ*

2151 3940 2373 3995 domum
2407 3934 2625 3993 israelis
2656 3948 2725 3989 ex
2749 3930 3022 4004 gentibus,
3048 3943 3159 3999 quo
3188 3922 3431 3997 dispersi
3457 3907 3666 4006 sumini-⁵2.

2151 4044 2205 4088 et
2251 4028 2634 4088 sanctificabor
2671 4026 2728 4080 iu
2768 4024 2851 4081 eis
2892 4036 3077 4079 coram
3121 4018 3383 4091 gentibus
3419 3996 3664 4081 etpssl³⁰¹⁸⁵·

2115 4123 2240 4179 ‘stt
2298 4120 2366 4177 Et
2425 4116 2753 4175 habitabunt
2798 4127 2963 4184 super
3018 4119 3165 4167 terra
3217 4124 3349 4174 sua,
3403 4112 3551 4177 quam
3592 4080 3672 4145 dedi

2154 4229 2314 4272 servo
2355 4225 2478 4269 meo
2506 4207 2733 4269 Jacobo,
2775 4215 2830 4261 et
2871 4201 3203 4260 habitabunt
3251 4214 3415 4272 super
3441 4187 3567 4250 cain
3586 4187 3663 4248 Ψ·

2152 4314 2213 4362 et
2266 4301 2615 4361 aedificabunt
2656 4299 2870 4361 domos,
2927 4303 2985 4349 et
3040 4292 3375 4365 plantabunt
3426 4282 3597 4341 vineas,
3636 4269 3672 4318 ὅ
3774 4301 3785 4342 t

474 4402 801 4463 ‹·go,cnram
839 4386 1211 4444 occidentibus
1244 4386 1337 4441 tei‘
1363 4393 1421 4440 tu
1459 4391 1640 4440 autem
1681 4400 1741 4442 es
1780 4386 1967 4452 homo,
1994 4394 2047 4442 et
2083 4368 2127 4424 D
2156 4394 2479 4451 habitabunt
2503 4390 2558 4444 in
2586 4403 2702 4459 spe,
2725 4402 2849 4443 cum
2875 4381 3349 4451 iecerojudicinm
3374 4379 3426 4433 in
3456 4360 3662 4431 omnibus.

476 4497 585 4538 non
635 4480 779 4536 Deus
829 4481 883 4534 in
946 4478 1294 4534 multitudine
1345 4476 1744 4533 homicidarum
1805 4487 2047 4533 tuorum.

476 4577 566 4632 10.
596 4572 862 4628 Mortibus
896 4569 1404 4644 incircumcisorum
1434 4566 1686 4623 morieris
1710 4566 1765 4621 ia
1798 4570 2052 4626 manibus

477 4671 808 4734 alienorum,
862 4665 987 4735 quia
1042 4678 1143 4735 ego
1196 4664 1413 4717 locutus
1468 4677 1614 4729 sum,
1660 4657 1792 4714 dicit
1843 4661 2055 4717 Adonai

477 4761 759 4817 Dominus.
798 4758 885 4813 11.
917 4756 985 4812 Ει
1005 4755 1209 4812 factum
1236 4764 1323 4809 est
1344 4752 1572 4808 verbum
1606 4750 1821 4808 Domini
1847 4751 1916 4806 ad
1944 4767 2053 4817 mc,

475 4856 664 4911 dicens
714 4872 730 4909 ι
779 4853 866 4907 ts.
916 4850 1019 4906 Fili
1078 4845 1353 4913 hominis,
1416 4861 1571 4902 sume
1612 4843 2054 4900 lamentationem

478 4961 642 5017 super
676 4944 975 5018 principem
1009 4941 1160 5015 Tyri,
1196 4949 1251 4996 et
1284 4938 1374 4994 dic
1398 4938 1448 4994 ei
1484 4955 1497 4992 :
1528 4937 1655 4995 Haec
1703 4936 1836 4994 dicit
1862 4934 2050 4990 Domi-

479 5051 585 5092 nus
621 5036 887 5094 Dominus
920 5051 936 5091 e
967 5034 1051 5091 Tu
1093 5048 1155 5091 es
1197 5030 1434 5104 sigilium
1463 5030 1530 5101 (Ῑ)
1561 5027 1953 5093 similitudinis,
1980 5031 2051 5097 3(

478 5126 668 5197 plenus
714 5128 979 5202 sapientia
1019 5128 1069 5199 ζ,
1094 5134 1149 5182 ct
1193 5138 1396 5181 corona
1426 5123 1639 5179 decoris
1685 5123 1768 5177 15.
1812 5121 1867 5175 in
1897 5121 2055 5176 volu-

479 5225 627 5287 ptatc
653 5216 809 5275 l'acici
842 5218 933 5275 Dei
967 5216 1138 5282 suisti,
1184 5229 1402 5270 omnem
1440 5211 1673 5286 lapident
1699 5212 1899 5268 bonum
1930 5211 2052 5267 cin-

549 5448 621 5520 (c)
651 5446 737 5515 S..
777 5452 1288 5516 commovebuntur,
1324 5449 1415 5519 qni
1440 5446 1651 5520 procul.
1687 5443 1808 5526 .²''⁸··
1845 5447 2338 5528 commovebuntur
2363 5441 2634 5516 regiones.
2695 5436 2821 5521 ,(ά).
2847 5438 2931 5504 8.,
2963 5436 3422 5519 pertin-utamini&

1275 5519 1323 5589 (e
1375 5518 1460 5584 8.,
1492 5531 1655 5574 omne
1692 5513 1959 5572 ineffabile
1992 5531 2102 5573 non
2130 5516 2350 5573 transiit
2380 5524 2452 5569 te.
2491 5508 2546 5564 ln
2593 5518 2858 5590 sapientia
2889 5518 3005 5572 tua.
3044 5517 3098 5563 et
3136 5523 3192 5562 ιιι
3232 5503 3401 5561 intell·

2025 5585 2102 5656 (Ιι)
2144 5586 2228 5649 S..
2269 5582 2511 5640 medium
2545 5590 2642 5636 ttu.
2722 5579 2782 5652 (ι)
2806 5576 3118 5651 iniquitatis
3146 5587 3270 5633 tuac.

484 5662 552 5735 (1)
581 5659 966 5720 sanctuarium
999 5665 1171 5714 tuum.
1249 5659 1343 5732 (m)
1382 5659 1495 5713 Duo
1517 5655 1725 5724 iccium,
1766 5657 1820 5714 in
1855 5674 2041 5716 mense
2070 5654 2421 5716 duodecimo.

481 5520 745 5581 facierum
788 5528 1172 5575 mercatorum.

479 5591 549 5660 tl]
612 5587 735 5655 Th..
770 5587 1200 5660 praeparationis.
1277 5595 1332 5660 (9
1384 5587 1465 5654 S..
1499 5584 1799 5642 stabilitum
1828 5597 1930 5644 est.

2155 4484 2249 4555 qui
2291 4479 2684 4539 contemserint
2712 4492 2808 4533 eos
2841 4476 2895 4530 in
2925 4471 3160 4530 circuitu
3194 4487 3405 4534 eorum,
3446 4471 3496 4521 et
3524 4455 3661 4515 ⁸050ssss

2156 4572 2302 4645 quod
2363 4584 2464 4641 ego
2523 4582 2645 4624 suin
2698 4565 2962 4622 Dominus
3019 4563 3161 4619 Deus
3214 4576 3431 4626 corum,
3474 4559 3518 4610 el
3564 4541 3661 4598 Μ’

2159 4670 2375 4735 patrum
2410 4673 2622 4715 eorum.

2234 4751 2388 4806 CAP.
2408 4749 2602 4806 XXiX.
2627 4750 2762 4806 -l.
2788 4749 2964 4817 Super
2980 4748 3273 4821 AEgyptum
3299 4756 3353 4804 et
3378 4737 3655 4827 Ptiaraovesn·

2163 4845 2222 4899 in
2252 4858 2397 4899 anno
2425 4841 2519 4915 (m)
2546 4841 2781 4909 decimo,
2818 4841 2873 4896 in
2892 4854 3082 4897 mense
3103 4840 3341 4905 decimo,
3369 4848 3467 4893 uno
3493 4827 3659 4916 utenti&

2162 4937 2365 4994 iactum
2411 4945 2494 4995 est
2532 4936 2755 4992 verbum
2795 4932 3012 4989 Domini
3041 4932 3110 4990 ad
3144 4947 3253 4999 me,
3289 4932 3463 4989 dicens
3488 4940 3501 4977 ε
3524 4903 3660 4973 λη’

2164 5030 2424 5096 hominis,
2463 5028 2695 5085 obiirma
2734 5025 2926 5083 faciem
2982 5034 3130 5084 tuam
3180 5039 3347 5097 super
3398 5009 3656 5077 phanonem

2162 5136 2345 5191 regem
2386 5119 2632 5194 AEgypti,
2666 5126 2722 5174 et
2768 5116 3030 5187 propbeta
3082 5129 3248 5185 super
3285 5127 3429 5174 eum.
3468 5114 3512 5161 et
3546 5099 3659 5160 ⁵⁰9⁰

2162 5212 2454 5286 AEgyptum
2505 5225 2749 5274 omnem,
2808 5209 2860 5263 5.
2902 5212 2971 5278 52(
3003 5208 3225 5279 loquere
3296 5217 3350 5261 ct
3386 5180 3654 5272 :dictuoec

3464 5409 3658 5482 imiimi·

3439 5489 3554 5553 entia
3579 5487 3659 5549 tui·

3370 5571 3418 5646 (k
3461 5552 3659 5621 Pollussu·
3800 5497 3819 5616 [t

3826 5943 3837 6028 ἐξ
