3967 6217
166 371 324 440 3223

1252 361 1553 426 comt
1586 358 1956 422 amsans
1989 357 2139 419 Lm.
2176 335 2281 421 vt.

3301 353 3446 421 32⁶st

168 484 358 558 αὐτὴν
402 477 502 545 τὰς
548 475 701 551 ὄψεις
726 474 1110 549 τυφλωθῆναι·
1146 469 1303 540 αὖθις
1333 474 1392 531 δὲ
1414 514 1430 539 ,
1463 468 1777 546 μεταμελη-
1801 478 1852 538 Α
1879 471 2290 540 dilaceravisset
2321 483 2467 536 eam,
2494 465 2663 524 oculis
2692 475 2907 538 captum
2943 479 3094 535 ease,
3127 481 3316 524 rursus
3353 484 3450 522 au-

142 563 383 636 ’θέντος
408 571 578 627 αὐτοῦ
606 571 702 626 καὶ
729 568 1044 642 γράψαντος
1069 569 1169 631 τὰς
1193 565 1548 638 παλινῳδίας,
1586 565 1646 618 ὲν
1681 558 1771 628 αἷς

144 615 441 736 ἱίὶιμνηιιεν
468 659 659 732 αὐτὴν,
682 657 1004 727 ἀναὸλὲψαι·
1034 653 1630 731 μετενσωματουμένην
1649 653 1706 707 δὲ
1725 654 1771 686 ¹⁸

152 715 292 808 ςὑπὸ
323 752 441 806 τῶν
477 750 725 820 ἀγγέλων
771 748 866 802 καὶ
906 747 1019 803 τῶν
1064 748 1216 803 κάτω
1250 746 1541 815 ἐξουσιῶν,
1595 745 1646 799 οἳ
1677 745 1773 799 καὶ

170 845 275 897 τὸν
300 842 535 914 κόσμον,
568 839 756 910 φησὶν,
783 835 1073 908 ἐποίησαν,
1099 834 1327 908 ὕστερον
1372 835 1464 890 ἐπὶ
1492 834 1681 899 τέγους
1712 832 1760 865 ”

174 936 241 989 ὲν
275 931 447 1006 Τύρῳ
473 931 574 1002 τῆς
617 929 874 1001 Φοινίκης
905 929 1059 983 πόλει
1110 928 1325 998 στῆναι,
1372 926 1441 999 ην
1479 922 1761 979 κατελθὼν

177 1017 377 1098 εὗρεν.
418 1021 544 1078 Ἐπὶ
591 1021 701 1093 γὰρ
740 1021 842 1094 τὴν
892 1021 1101 1092 ταύτης
1137 1019 1367 1092 πρώτην
1407 1018 1638 1089 ζήτησιν
1665 1016 1772 1087 ἔφη

170 1112 660 1189 παραγεγονέναι.
691 1113 841 1176 ὅπως
869 1111 1104 1183 ρύσηται
1133 1110 1302 1181 αὐτὴν
1324 1108 1431 1164 τῶν
1450 1108 1685 1179 δεσμῶν,
1703 1107 1773 1179 ην

171 1206 621 1278 λυτρωσάμενος
650 1203 769 1274 ἅμα
802 1203 981 1274 ἐαυτῷ
1014 1204 1267 1274 περιῆγε,
1314 1200 1540 1270 φάσκων
1571 1199 1582 1268 Ι
1611 1197 1772 1251 τοῦτο

172 1294 330 1354 εἶναι
379 1298 441 1351 τδ
492 1294 770 1359 ἀπολωλὸς
801 1293 1099 1366 πρόὸατον,
1136 1292 1329 1347 ἑαυτὸν
1357 1290 1414 1345 δὲ
1461 1290 1638 1359 λέγων
1671 1288 1772 1362 τὴν

178 1391 337 1463 ὑπὲρ
372 1388 548 1444 πάντα
585 1386 815 1458 δύναμιν
840 1381 1000 1441 εἶναι.
1042 1386 1101 1441 ’0
1124 1385 1182 1440 δὲ
1222 1383 1423 1457 ψυδρδς
1451 1383 1499 1414 ¹⁸
1522 1380 1774 1455 ἐρασθεὶς

176 1481 281 1534 τοῦ
306 1477 537 1550 γυναίου
553 1474 1009 1548 τούτου,Ἐλένης
1035 1473 1398 1545 καλουμένης,
1424 1471 1774 1544 ὠνησάμενος

181 1567 334 1641 εἷχε,
372 1569 469 1624 καὶ
505 1569 633 1632 τοὺς
658 1566 907 1639 μαθητὰς
933 1565 1249 1636 αἰδούμενος
1270 1562 1461 1617 τοῦτον
1481 1561 1574 1615 τὸν
1603 1560 1774 1633 μῦθον

184 1661 456 1716 ἔπλασεν.
486 1658 551 1713 Oi
570 1659 628 1712 δὶ
665 1652 825 1721 αὖθις
848 1656 1084 1728 μιμηταὶ
1110 1654 1207 1709 τοῦ
1239 1655 1445 1711 πλάνου
1473 1653 1564 1709 καὶ
1589 1652 1775 1723 Σίμω-

185 1764 289 1814 νος
340 1747 534 1817 Μάγου
580 1747 856 1818 γινόμενοι
886 1744 956 1799 τὰ
1003 1745 1168 1816 ὃμοια
1216 1743 1440 1816 δρῶσιν,
1472 1742 1776 1814 ἀλογίστως

1874 571 1982 618 tem
2040 561 2358 634 poenitentia
2417 567 2746 617 commotum
2795 558 3013 631 scriptis
3049 557 3355 627 palinodiis.
3392 559 3446 614 in

1875 655 2073 726 quibus
2121 654 2412 710 celebravit
2443 651 2588 707 iilam
2620 692 2639 722 ,
2666 653 2842 709 visum
2874 652 3159 722 recepisse.
3190 649 3450 718 Incorpo-

1874 756 2053 800 ratam
2107 754 2285 801 autem
2337 743 2406 798 ab
2449 743 2653 814 angelis
2706 748 2763 798 et
2807 741 3036 797 infernis
3069 738 3449 811 potestatibus,

1872 838 1965 908 qni
1998 845 2053 893 et
2083 836 2372 902 mundum,
2432 834 2644 906 inquit,
2691 833 2937 891 fabricati
2973 842 3120 898 sunt,
3176 838 3363 903 postea
3396 831 3450 884 itt

1874 928 2081 983 fornice
2114 925 2265 997 Tyri.
2299 926 2431 982 urbe
2457 925 2771 991 Ptioeniciae.
2809 925 3136 995 prostitisse,
3169 936 3331 994 quam
3361 921 3450 977 uiri

1873 1019 2155 1076 descendit
2180 1019 2403 1088 reperit.
2435 1018 2517 1075 Ad
2555 1018 2716 1089 hujus
2743 1017 2891 1075 enim
2955 1015 3202 1088 inprimis
3231 1013 3453 1070 investi·
3494 1027 3500 1092 g

1872 1111 2145 1182 gationem
2176 1109 2317 1166 dixit
2340 1109 2626 1167 advenisse
2645 1145 2667 1175 ‚
2694 1117 2754 1165 ut
2781 1108 3037 1165 liberaret
3059 1107 3206 1163 iilam
3242 1106 3308 1160 de
3333 1104 3455 1161 vin-

1874 1201 2034 1267 cuiis,
2069 1214 2231 1271 quam
2265 1201 2320 1256 in
2360 1199 2668 1256 libertatem
2701 1209 2965 1257 assertam
3004 1213 3187 1255 secum
3218 1197 3456 1253 circum-

1874 1295 2069 1366 agebat
2107 1293 2293 1350 dicens
2327 1294 2469 1349 itanc
2497 1308 2620 1350 esse
2663 1292 2997 1364 deperditam
3052 1306 3243 1359 ovem,
3283 1297 3456 1346 semet

1875 1394 2057 1442 autem
2090 1393 2410 1455 potestatem
2433 1398 2556 1440 esse
2580 1399 2699 1455 quae
2721 1400 2882 1456 supra
2900 1384 3080 1450 omnia
3103 1384 3194 1440 sit.
3226 1380 3456 1438 Hendax

1873 1482 2055 1540 autem
2089 1471 2196 1542 iiie,
2226 1487 2410 1529 amore
2437 1482 2628 1544 captus
2650 1472 2980 1529 muiiercuiae
3011 1472 3169 1528 istius
3194 1513 3209 1539 ,
3233 1469 3456 1527 Helenae

1876 1562 2116 1628 nomine.
2146 1574 2382 1633 emptam
2430 1562 2668 1621 habebat
2693 1573 2747 1620 et
2791 1571 3096 1620 commotus
3126 1561 3332 1631 pudore
3365 1560 3452 1614 di-

1860 1647 2209 1724 'seipuiorum
2235 1655 2375 1711 hanc
2396 1654 2633 1711 fabulam
2657 1655 2941 1713 confinxit.
2969 1654 3046 1710 iiii
3063 1660 3245 1710 autem
3271 1666 3461 1709 rursus

1884 1743 2193 1801 imitatores
2224 1746 2637 1817 praestigiatoris
2686 1756 2744 1804 et
2784 1746 3021 1803 Simonis
3060 1746 3269 1802 scilicet
3316 1743 3460 1817 Magi

189 1840 501 1908 φάσκοντες
536 1839 647 1891 δεῐν
673 1837 985 1908 μίγνυσθαι,
1014 1835 1297 1908 λέγοντες·
1354 1835 1512 1890 Πᾶσα
1558 1835 1632 1906 γῆ
1678 1833 1773 1905 γῆ,
1804 1832 1854 1895 Β
1885 1837 2015 1894 facti
2044 1838 2274 1910 aequaiia
2310 1849 2475 1911 agunt
2500 1878 2518 1905 .
2551 1839 2700 1896 nuiio
2727 1839 3041 1896 discrimine
3065 1838 3275 1895 aientes
3301 1851 3463 1908 opor·

191 1930 299 1984 καὶ
315 1932 375 1985 οὐ
409 1929 653 2001 διαφέρει
681 1928 785 1984 ποῦ
815 1945 898 1993 τις
926 1927 971 1959 ’‘
995 1927 1229 2002 σπείρει,
1258 1925 1399 1998 πλὴν
1430 1927 1518 1981 ἵνα
1547 1926 1770 1998 σπείρῃ.

192 2019 342 2076 ἀλλὰ
382 2019 477 2074 καὶ
521 2017 925 2092 μακαρίζουσιν
963 2018 1187 2081 ἑαυτοὺς
1219 2017 1315 2071 ἐπὶ
1361 2019 1430 2088 τῇ
1478 2013 1680 2087 [κοινῇ]
1731 2014 1776 2048 ⁸¹¹

197 2108 373 2179 μίξει,
405 2107 611 2180 ταύτην
644 2103 789 2163 εἶναι
834 2105 1085 2176 λέγοντες
1135 2105 1235 2176 τὴν
1277 2102 1488 2158 τελείαν
1533 2103 1775 2173 ἀγάπην,

196 2199 303 2253 καὶ
325 2199 407 2266 τὸ,
434 2200 621 2270 Ἄγιος
640 2198 814 2270 ἁγίων
844 2239 858 2252 .
891 2238 906 2252 .
933 2197 1033 2270 λλη
1056 2238 1069 2252 .
1104 2237 1117 2250 .
1147 2194 1697 2266 ος”ἀγιασθήσεται·
1716 2194 1778 2247 οὐ

196 2294 315 2364 γὰρ
370 2292 448 2365 μὴ
490 2291 811 2364 κρατεϊσθαι
870 2291 1072 2354 αὐτοὺς
1117 2289 1210 2343 ὶπί
1269 2304 1374 2343 τινι
1432 2285 1779 2358 νομιζομένῳ

196 2383 383 2456 κακῷ,
412 2383 780 2455 λελύτρωνται
806 2383 919 2455 γάρ
942 2422 956 2436 .
1000 2381 1112 2455 Τὴν
1141 2381 1199 2435 δὲ
1241 2379 1461 2450 Ἑλένην
1489 2378 1535 2411 ¹⁹
1573 2378 1782 2450 λυτρω-

198 2474 444 2542 σάμενος
465 2472 643 2537 οὕτως
662 2474 776 2538 τοῖς
800 2472 1110 2546 ἀνθρώποις
1132 2471 1408 2543 σωτηρίαν
1428 2470 1667 2541 παρέσχε
1692 2467 1783 2522 διὰ

195 2564 307 2634 τῆς
334 2564 470 2629 ἰδίας
508 2563 878 2637 ἐπιγνώσεως.
908 2563 1114 2626 Κακῶς
1153 2563 1263 2635 γὰρ
1296 2561 1643 2616 διοικούντων
1671 2559 1782 2613 τῶν

200 2656 458 2726 ἀγγέλων
486 2656 576 2711 τδν
624 2659 831 2727 κόσμον
870 2656 961 2711 διὰ
1010 2656 1068 2710 τὸ
1099 2655 1383 2727 φιλαρχεῖν
1430 2652 1666 2717 αὐτοὺς,
1701 2651 1784 2715 είς

197 2742 582 2814 ἐπανόρθωσιν
618 2741 940 2815 ἐληλυθέναι
971 2741 1135 2797 αὐτὸν
1164 2742 1267 2813 ἔφη
1308 2737 1783 2812 μεταμορφούμε-

1884 1940 1998 1985 tere
2029 1929 2268 1996 misceri,
2303 1929 2389 1985 his
2417 1929 2500 1985 usi
2523 1931 2703 1986 verbis
2728 1949 2741 1984 ε
2777 1927 2968 1987 Omnis
2997 1939 3137 1984 terra
3165 1937 3331 1997 terra,
3363 1942 3462 1984 nee

1884 2019 2064 2076 differt
2092 2020 2180 2076 ubi
2206 2018 2327 2090 quis
2348 2029 2513 2084 serat.
2543 2021 2704 2077 modo
2738 2028 2908 2088 serat,
2933 2034 3122 2075 verum
3143 2019 3307 2077 etiam
3340 2033 3462 2075 sese

1885 2110 2074 2168 beatos
2113 2111 2411 2182 praedicant
2460 2120 2683 2184 propter
2745 2125 3086 2169 communem
3151 2103 3460 2167 mistionem

1885 2199 2031 2257 itanc
2077 2203 2318 2260 dicentes
2354 2217 2474 2259 esse
2521 2202 2818 2274 perfectam
2866 2217 3108 2274 agapem
3163 2210 3219 2258 et
3275 2199 3459 2258 iilud:

1888 2289 2123 2347 Sanctus
2166 2299 2483 2346 sanctorum
2519 2327 2811 2352 ......
2846 2289 3291 2347 sanctificabitur.
3343 2288 3461 2346 Non

1885 2382 2032 2439 enim
2063 2381 2234 2437 teneri
2275 2380 2562 2438 seseemaio
2594 2379 2776 2451 aliquo
2795 2422 2813 2449 ‚
2838 2382 2980 2450 quod
3017 2382 3175 2453 vulgo
3198 2381 3463 2437 habeatnr

1886 2487 1987 2544 pro
2015 2470 2180 2541 maio.
2211 2471 2441 2530 exsoluti
2474 2469 2619 2528 enim
2657 2481 2802 2528 sunt.
2851 2469 3111 2528 Heienam
3161 2481 3340 2529 autem
3372 2473 3460 2528 ubi

1886 2565 2124 2622 exsolvit
2152 2566 2228 2622 ita
2257 2563 2571 2623 hominibus
2616 2564 2850 2622 salutem
2889 2566 3119 2636 praebuit
3169 2579 3268 2638 per
3310 2581 3464 2622 snam
3581 2553 3590 2562 ’

1888 2656 2195 2713 seientiam.
2223 2655 2360 2713 Mate
2386 2656 2531 2712 enim
2553 2655 3055 2712 administrantibus
3076 2655 3282 2729 angelis
3306 2671 3468 2712 mun-

1888 2744 2016 2801 dum
2055 2754 2277 2817 propter
2304 2747 2609 2816 cupidinem
2638 2746 2940 2817 imperandi
2969 2747 3039 2803 ad
3070 2748 3466 2818 reparationem

198 2853 299 2890 νον
340 2833 437 2889 κοΐ·-
470 2833 889 2907 ὲξομοῑοΰμενον
924 2835 1048 2899 ταῖς
1080 2834 1283 2904 ἀρχαῖς
1321 2830 1416 2885 καὶ
1468 2832 1590 2894 τοῖς
1627 2828 1782 2894 ἰξοῦ·
1890 2845 2066 2892 semet
2095 2835 2381 2892 advenisse
2398 2831 2534 2893 dixit
2566 2835 3010 2908 transfiguratum
3038 2848 3095 2895 et
3114 2838 3466 2896 assimilatum

206 2925 355 2987 οὲαις
387 2927 618 2988 καὶτοῖς
660 2924 918 2995 ἀγγέλοις
943 2965 958 2989 .
991 2925 1067 2989 ὡς
1113 2925 1209 2982 καὶ
1258 2921 1543 2996 ἄνθρωπον
1599 2921 1787 2992 φαῖνε·
1893 2925 2135 2997 imperiis
2161 2934 2218 2983 et
2250 2927 2608 2997 potestatibus
2648 2937 2702 2984 et
2729 2929 2967 3000 angelis,
3008 2938 3069 2985 ut
3096 2939 3152 2987 et
3181 2929 3345 2988 homo
3371 2947 3473 3004 ap-

211 3013 341 3066 σθαι
385 3015 551 3067 αὑτὸν
593 3014 668 3084 μὴ
721 3013 853 3067 ὅντα
882 3012 1167 3084 ἄνθρωπον
1193 3052 1209 3078 ,
1244 3011 1345 3065 καὶ
1396 3010 1590 3065 παθεῖν
1637 3009 1696 3064 δὲ
1728 3011 1787 3063 ὲν
1892 3028 2135 3087 pareret,
2171 3033 2293 3072 cum
2324 3033 2432 3073 non
2462 3026 2607 3074 esset
2628 3017 2795 3075 homo
2819 3029 2871 3075 et
2903 3020 3011 3091 pati
3042 3019 3095 3076 in
3116 3019 3300 3078 Judaea
3321 3023 3471 3079 visus

210 3107 282 3175 τῇ
354 3101 581 3172 Ἰουδαίᾳ
637 3101 988 3170 δεδοκηκὲναι
1042 3099 1087 3132 ⁸⁰
1144 3100 1219 3170 μὴ
1273 3099 1604 3165 πεπονθότα,
1649 3099 1789 3154 ἀλλὰ
1896 3107 2105 3162 sitnon
2136 3121 2351 3177 passus,
2382 3108 2476 3162 sed
2514 3106 2722 3180 256-
2745 3107 2908 3181 257
2939 3108 3242 3179 patefactus
3268 3112 3472 3170 Jndaeis

212 3195 452 3264 φανέντα
494 3189 773 3256 Ἰουδαίοις
809 3191 884 3264 [ρ.
923 3189 1048 3258 175,
1079 3188 1205 3262 ¹76]
1235 3189 1335 3261 μὲν
1360 3189 1436 3254 ὡς
1469 3192 1608 3244 Υτόν
1634 3189 1701 3255 ⁸¹.
1733 3192 1792 3244 ὲν
1819 3196 1863 3254 C
1901 3206 2156 3266 tanquam
2188 3193 2387 3264 Filius,
2424 3197 2478 3252 in
2513 3197 2761 3254 Samaria
2793 3211 2976 3257 autem
3001 3209 3258 3274 tanquam
3281 3202 3469 3276 Pater,

208 3281 275 3334 δὲ
313 3281 379 3351 τῇ
438 3278 726 3353 Σαμαρείᾳ
772 3278 851 3343 ὡς
891 3277 1145 3348 Πατέρα,
1201 3279 1261 3331 ἐν
1315 3275 1374 3331 δὲ
1429 3280 1542 3343 τοῖς
1586 3277 1792 3342 λοιποῖς
1896 3287 1953 3342 ἰιι
2013 3284 2236 3355 reliquis
2264 3292 2443 3341 autem
2484 3287 2739 3358 gentibus
2775 3297 3036 3360 tanquam
3075 3290 3314 3364 Spiritus
3343 3313 3473 3350 san·

212 3371 430 3425 ἔθνεσιν
460 3369 537 3433 ὡς
578 3368 824 3440 Πνεῦμα
861 3367 1055 3439 ἅγιον.
1089 3367 1383 3441 ὑπομένειν
1412 3367 1472 3421 δὲ
1504 3368 1665 3422 αὐτὸν
1697 3385 1793 3422 κα·
1898 3386 2037 3433 ctus.
2072 3376 2355 3433 sustinere
2381 3386 2561 3433 autem
2588 3394 2711 3436 sese
2734 3382 2993 3452 appellari
3025 3398 3348 3459 quocunqne
3374 3403 3473 3443 no-

214 3459 426 3514 λεῖσθαι
475 3458 575 3531 οἴῳ
627 3457 695 3514 ἂν
747 3457 975 3531 ὀνόματι
1031 3457 1219 3513 καλεῖν
1276 3457 1575 3531 βούλωνται
1614 3453 1672 3491 '⁸¹
1734 3461 1783 3514 οί
1898 3467 2047 3524 mine
2092 3467 2364 3540 appeiiare
2411 3468 2581 3526 velint
2635 3471 2902 3530 homines.
2946 3471 3252 3547 Prophetas
3291 3486 3472 3535 autem

220 3555 522 3625 ἅνθρωποι.
554 3555 694 3617 Τοὺς
742 3553 800 3608 δὲ
835 3551 1125 3627 προφήτας
1156 3550 1265 3608 ἀπὸ
1303 3552 1413 3608 τῶν
1445 3552 1794 3624 κοσμοποιῶν
1899 3558 1971 3614 ab
2012 3557 2220 3631 angelis
2269 3559 2454 3616 muudi
2506 3559 2925 3623 fabricatoribus
2959 3565 3248 3640 inspiratos
3279 3569 3472 3627 effatos

220 3643 477 3714 ἀγγέλων
500 3643 940 3714 ὲμπνευσθὲντας
960 3644 1241 3717 εἰρηκέναι
1256 3643 1355 3709 τὰς
1369 3641 1703 3716 προφητείας
1724 3645 1791 3679 ⁸⁸·
1898 3663 2022 3706 esse
2050 3649 2485 3707 vaticinationes.
2514 3651 2852 3725 Quapropter
2876 3672 2983 3713 non
3015 3672 3207 3716 curare
3229 3673 3350 3726 eos.
3379 3662 3473 3732 qni

220 3737 306 3790 διὸ
337 3735 414 3807 μὴ
452 3736 765 3806 φροντίζειν
806 3734 989 3791 αὐτῶν
1027 3736 1157 3800 τοὺς
1184 3737 1267 3801 εἰς
1309 3734 1405 3789 τὸν
1447 3734 1668 3808 Σίμωνα
1701 3734 1797 3791 καὶ
1899 3739 1953 3795 in
1991 3740 2266 3797 Simonem
2295 3751 2350 3797 et
2373 3740 2631 3798 Helenam
2660 3747 2910 3812 credant,
2949 3750 3014 3804 ad
3044 3748 3189 3807 hune
3216 3750 3358 3807 diem
3386 3750 3474 3806 fa·

222 3826 321 3900 τὴν
376 3825 599 3897 Ἑλένην
635 3825 1072 3891 πεπιστευκότας
1120 3826 1226 3890 ἕως
1268 3826 1391 3896 νῦν,
1435 3826 1702 3900 πράσοεῑν
1737 3843 1797 3881 τε
1898 3845 2137 3902 cereque
2166 3848 2503 3906 quaecunque
2532 3833 2699 3892 libeat
2724 3847 2783 3894 ut
2813 3837 3041 3908 liberos;
3074 3856 3140 3897 ex
3161 3839 3309 3898 iliius
3326 3843 3472 3898 enim

219 3918 324 3972 ὅσα
356 3916 403 3949 ⁸⁸
434 3915 716 3988 βοῦλονται
738 3917 815 3981 ὡς
838 3916 1176 3990 ἐλευθέρως,
1211 3915 1354 3974 κατὰ
1381 3916 1493 3987 γὰρ
1511 3915 1610 3986 τὴν
1630 3916 1796 3971 αὐτοῦ
1896 3926 2072 3992 gratia
2102 3925 2306 3980 servari
2356 3940 2479 3981 sese
2518 3927 2692 3981 aiunt.
2744 3926 2859 3983 Non
2888 3929 3033 3984 enim
3077 3944 3199 3987 esse
3223 3945 3327 3987 cur
3350 3935 3474 4003 quis

221 4007 383 4078 χάριν
422 4005 691 4071 σώζεσθαι
742 4008 941 4072 αὐτοὺς
972 4009 1241 4076 φάσκουσι
1268 4006 1336 4059 ⁸⁸.
1372 4005 1557 4075 Μηδὲν
1610 4006 1657 4037 ³⁸
1687 4005 1798 4077 γὰρ
1904 4013 2163 4079 puniatur
2186 4053 2202 4078 ,
2235 4013 2279 4068 si
2307 4014 2430 4083 qnis
2460 4013 2601 4068 male
2622 4012 2816 4083 [θείοις
2850 4030 2955 4073 non
2986 4018 3132 4074 enim
3160 4028 3246 4076 est
3278 4031 3473 4077 natura

223 4096 362 4154 εἶναι
388 4100 560 4155 αἴτιον
579 4098 737 4171 δίκης
765 4100 819 4153 ei
848 4099 858 4168 Ι
890 4099 1087 4169 πράξει
1118 4098 1163 4131 ’⁷
1186 4114 1273 4160 τις
1301 4094 1488 4158 κακῶς
1511 4094 1577 4160 ⁸⁸,
1600 4095 1660 4147 οὐ
1688 4097 1798 4165 γάρ
1904 4099 2127 4164 maium,
2151 4101 2243 4155 sed
2260 4100 2546 4170 positione.
2565 4099 2868 4159 Posuerunt
2884 4105 3049 4174 enim,
3077 4107 3270 4179 inquit,
3296 4111 3470 4181 angeli

1486 4226 1725 4282 VARtAE
1764 4225 2164 4288 LECTtoNEs.

298 4351 431 4404 ηδ
488 4349 786 4418 Roeveros.
847 4363 957 4402 om·
1008 4345 1077 4410 C.
1126 4343 1200 4400 11-
1298 4343 1345 4377 ’⁸
1369 4344 1581 4413 τέγους·
1635 4361 1695 4397 τε
1738 4344 1866 4410 τοὺς
1905 4345 1970 4409 c,
2028 4343 2099 4403 ιι.
2149 4350 2236 4406 ct.
2283 4349 2418 4408 Just.
2468 4351 2625 4408 mart.
2666 4361 2719 4408 et
2755 4354 3075 4411 τιιοοαοτει.
3118 4356 3153 4412 t.
3183 4356 3223 4415 t.
3295 4356 3472 4428 ··ψυ-
3553 4355 3563 4365 ·

227 4421 351 4491 δρὸς
377 4421 670 4487 ssot-perus.
697 4416 904 4497 ψυχρὸς
934 4418 998 4483 C,
1038 4416 1109 4482 tt,
1144 4413 1340 4487 μιαρὸς
1390 4413 1691 4496 Bnnsenius
1744 4415 2087 4498 (Hippolytus
2139 4420 2246 4474 ond
2302 4421 2386 4476 Itis
2428 4437 2524 4490 aye
2554 4425 2597 4478 Ι.
2634 4438 2692 4491 p.
2731 4424 2901 4529 5512:
2941 4427 3370 4498 ψευδόχριστοςῖ
3399 4429 3466 4484 R.

232 4491 508 4545 schottus.
586 4487 631 4517 ¹⁶
662 4503 765 4540 που
796 4503 847 4540 τι
868 4484 931 4540 C.
1004 4486 1049 4517 ‘⁷
1086 4489 1261 4555 κοινῇ.
1284 4484 1410 4555 ξένῃ
1434 4483 1505 4543 Μ.
1573 4500 1624 4538 ιιι
1653 4500 1839 4539 vocem
1870 4501 1923 4540 tn
1962 4488 2006 4542 C
2031 4504 2251 4556 prorsus
2296 4494 2579 4548 evanuisse
2606 4494 2757 4550 dicit.
2862 4499 2879 4526 ³
2909 4534 2925 4551 .
2971 4537 2986 4552 .
3022 4496 3142 4568 λλη.
3170 4514 3251 4562 ος.
3282 4497 3470 4568 Ἄγιος

232 4561 386 4628 ἅγιος
417 4557 485 4681 Ὦ.
523 4557 715 4624 '’A-(202
739 4555 931 4625 ἁγίων)
956 4555 1052 4610 καὶ
1084 4554 1368 4625 Ἀλληλους
1396 4501 1649 4637 &nagera
1680 4553 1988 4636 {musenius
2017 4557 2053 4610 i.
2089 4559 2127 4614 Ι.
2163 4575 2216 4632 ρ.
2245 4560 2351 4615 552
2379 4578 2394 4615 :
2428 4563 2750 4634 ἀγαπητὸςῒ
2819 4564 2866 4599 ⁸⁰
2894 4566 2979 4622 Cf.
3007 4565 3149 4622 icen.
3180 4584 3228 4621 c.
3257 4567 3391 4624 haer.
3414 4568 3467 4632 t.

228 4630 322 4692 25,
353 4630 389 4681 ὅ
478 4634 675 4680 ‘mue‘-
713 4625 1053 4694 Quavfovfflf
1082 4635 1139 4681 0¹
1169 4626 1341 4694 ‘psum
1372 4638 1603 4688 ventsse.
1632 4633 1710 4679 utt
1744 4640 1865 4679 eam
1894 4639 2197 4685 assumeret
2226 4633 2456 4699 primam
2487 4640 2542 4687 et
2587 4634 2844 4690 liberaret
2872 4650 2993 4691 eam
3022 4650 3053 4691 a
3090 4636 3337 4704 vincuiis,
3376 4639 3473 4693 tio-

232 4701 471 4754 minitms
503 4704 681 4750 autem
714 4695 942 4750 satutem
968 4703 1250 4763 praestaret
1275 4708 1372 4763 pet·
1400 4708 1555 4748 suam
1586 4694 1944 4762 agnitionem.
1976 4696 2116 4754 Cum
2166 4702 2310 4756 enim
2353 4702 2496 4758 maie
2524 4705 2934 4760 moderarentur
2971 4707 3149 4778 angeli
3183 4708 3468 4771 mundum,
3556 4742 3566 4750 .

233 4769 484 4839 qnoniam
510 4766 877 4836 unusquisque
905 4779 1094 4820 eorum
1121 4763 1531 4834 concupisceret
1566 4764 1953 4834 principatum.
1982 4767 2050 4820 ad
2088 4771 2514 4827 emendationem
2561 4773 2777 4828 venisse
2810 4788 3014 4840 rerum.
3043 4783 3099 4829 et
3124 4775 3471 4832 descendisse

230 4853 352 4892 eum
391 4835 824 4906 transfiguratum
849 4844 903 4889 et
934 4833 1289 4889 assimilatum
1315 4832 1603 4887 virtutibus
1624 4842 1677 4889 et
1716 4835 2072 4916 potestatibus
2097 4848 2151 4893 et
2184 4840 2426 4909 angelis:
2454 4851 2510 4896 nt
2537 4853 2591 4897 et
2625 4841 2678 4896 in
2710 4841 3016 4899 hominibus
3048 4845 3209 4900 homo
3247 4860 3277 4900 a
3355 4861 3472 4900 are·

230 4917 313 4962 ret
345 4908 479 4974 ipse,
505 4922 627 4961 cum
659 4921 765 4959 non
795 4914 941 4960 esset
968 4906 1152 4969 bomo,
1188 4911 1244 4958 et
1281 4917 1501 4973 passum
1520 4912 1696 4957 autem
1715 4917 1767 4957 tn
1794 4901 1975 4958 Judaea
2009 4917 2275 4976 putatum,
2305 4924 2428 4964 cum
2449 4925 2556 4966 non
2572 4921 2716 4967 esset
2742 4927 2952 4982 passus.
2980 4913 3063 4968 Cf.
3097 4914 3259 4970 etiam
3336 4916 3472 4969 tat-0-

231 4976 404 5032 tioret.
441 4977 476 5029 Ι.
514 4976 551 5030 i.
593 4990 633 5039 t,
669 4974 694 5028 i
773 4973 819 5007 ⁸·
854 4976 948 5054 καὶ
967 4973 1315 5044 δεδοκηκέναι
1346 4971 1410 5054 C..
1432 4969 1504 5027 Μ.
1577 4971 1623 5027 .⁸¹
1653 4971 1792 5054 iren.
1818 4971 1851 5026 i.
1887 4974 1926 5038 Ι,
1958 4973 1988 5047 5
2019 4977 2041 5031 t
2076 5016 2091 5031 .
2125 5018 2140 5034 .
2173 5018 2189 5030 .
2227 4990 2282 5034 et
2303 4981 2483 5034 docuit
2533 4982 2881 5051 semetipsum
2913 4998 3054 5048 esse,
3083 4984 3174 5053 qni
3205 4986 3343 5041 inte.-
3371 4981 3469 5037 1..-

234 5051 376 5098 ‹taeos
397 5045 613 5114 quidem
649 5043 800 5112 quasi
826 5042 994 5098 Filius
1021 5044 1351 5112 apparuerit,
1386 5057 1437 5096 tn
1479 5041 1721 5124 Samaria
1758 5054 1940 5097 autem
1971 5047 2123 5114 quasi
2169 5048 2332 5104 Pater
2372 5050 2745 5119 descenderit,
2779 5051 2832 5107 in
2871 5051 3099 5121 reliquis
3129 5068 3259 5109 vero
3293 5055 3472 5125 genti-

234 5116 335 5168 bus
367 5115 520 5182 qimi
544 5113 777 5178 Spiritus
809 5122 1029 5168 sanctus
1068 5114 1458 5167 adventaverit.
1502 5109 1632 5166 Esse
1661 5121 1841 5168 autem
1869 5127 1930 5169 se
1967 5117 2407 5174 sublimissimam
2440 5120 2718 5186 virtutem,
2752 5121 2855 5178 hoc
2891 5132 2975 5178 est
3007 5136 3130 5177 eum
3159 5124 3250 5193 qui
3284 5126 3356 5179 sit
3379 5138 3473 5179 su·

238 5197 329 5249 ner
365 5183 543 5236 numia
576 5181 757 5250 Pater,
790 5192 838 5236 ct
868 5179 1134 5238 sustinere
1166 5181 1344 5235 vocari
1374 5195 1456 5243 se.
1486 5181 1838 5251 quodcunque
1872 5198 1997 5238 eum
2031 5197 2225 5242 vocant
2249 5188 2515 5245 homines.
2545 5187 2633 5245 Cf.
2662 5191 2825 5246 etiam
2859 5189 3187 5247 Theodoret.
3212 5193 3247 5246 t.
3274 5192 3312 5247 i.
3343 5209 3383 5256 t,
3416 5181 3470 5247 1.

196 5275 201 5282 ·
235 5249 280 5284 ⁸⁸
304 5250 581 5324 βούλονται
606 5250 669 5306 C.
747 5250 793 5284 ⁸⁸
811 5250 894 5307 Cf.
925 5251 1065 5306 iren.
1097 5253 1133 5305 i.
1160 5252 1197 5308 Ι.
1228 5251 1257 5323 5
1286 5251 1320 5305 5
1351 5266 1365 5304 :
1406 5248 1703 5319 Prophetas
1731 5260 1909 5307 autem
1947 5267 1977 5306 a
2011 5257 2193 5311 mundi
2242 5257 2667 5316 fabricatoribus
2698 5259 2908 5330 angelis
2939 5261 3240 5332 'inspiratos
3268 5262 3472 5318 dixisse

235 5324 567 5391 prophetias,
597 5333 925 5392 quapropter
944 5335 1045 5376 nec
1068 5320 1291 5376 ulterius
1309 5327 1566 5375 curarent
1585 5336 1679 5375 eos
1706 5320 1780 5386 iti,
1809 5322 1900 5390 qui
1932 5322 1985 5378 in
2023 5339 2144 5379 eum
2182 5335 2239 5382 et
2275 5325 2535 5383 Helenam
2566 5327 2686 5399 ejus
2702 5343 2853 5399 spem
2882 5331 3138 5396 babeant,
3164 5341 3218 5389 et
3245 5343 3307 5387 ut
3334 5332 3468 5387 iibe-

236 5405 323 5513 ἔοι
352 5403 514 5514 affere
548 5405 668 5457 qua:
698 5392 879 5446 veiint.
920 5391 1214 5445 secuudum
1240 5390 1384 5446 enim
1438 5391 1608 5458 ipsius
1631 5392 1861 5461 gratiam
1909 5393 2110 5448 saivari
2161 5396 2407 5451 immittes
2452 5407 2573 5456 caet.
2649 5397 2695 5431 ⁸⁸
2722 5414 2783 5452 τε
2816 5400 2918 5455 ὅσα
2945 5400 3014 5455 τὰ
3043 5401 3112 5454 σὰ
3136 5401 3197 5465 C,
3226 5402 3294 5455 τὰ
3320 5400 3354 5454 ἃ
3389 5400 3466 5454 vel

268 5473 332 5514 σα

241 5537 533 5600 posuerunt
557 5533 646 5601 qui
666 5532 924 5586 mundum
962 5531 1202 5587 fecerunt
1235 5531 1432 5600 angeli,
1463 5544 1560 5599 per
1583 5529 1887 5600 hujusmodi
1920 5543 2186 5601 praecepta
2218 5537 2271 5590 in
2300 5537 2616 5596 servitutem
2663 5538 2992 5596 deducentes
3070 5541 3298 5596 omines.
3328 5538 3473 5607 Qua-

239 5609 455 5682 propter
484 5611 538 5655 et
560 5601 694 5655 solvi
728 5603 1005 5664 mundum.
1036 5610 1094 5656 et
1121 5601 1336 5656 liberari
1370 5615 1486 5667 eos,
1557 5599 1608 5654 ui
1639 5609 1767 5655 sunt
1796 5599 1934 5657 eins.
1985 5603 2054 5656 ab
2089 5605 2315 5674 imperio
2342 5621 2533 5662 eorum
2573 5607 2665 5682 qui
2707 5608 2963 5665 mundum
2993 5608 3236 5668 fecerunt
3279 5626 3470 5677 repro-

240 5671 404 5794 ῧιίειι.
453 5671 526 5795 3⁸⁸
555 5667 776 5797 Ῐίίηιδένα
802 5681 951 5742 s'usp.
983 5670 1280 5726 Bunsenitts
1308 5670 1341 5725 Ι.
1369 5670 1404 5725 i.
1438 5686 1492 5740 ρ.
1572 5669 1656 5724 55.
2183 5674 2447 5744 ’σι-πράξει
2476 5676 2542 5735 C.
2633 5678 2679 5712 ⁸⁸
2700 5694 2785 5743 τις
2809 5679 3011 5744 κακῶς.
3042 5698 3095 5735 τι
3128 5677 3296 5735 κακόν
3327 5681 3471 5749 conj.

283 5755 444 5797 uusen
472 5757 534 5797 us
592 5779 608 5795 .
661 5779 678 5794 .

413 5501 429 5516 .
508 5459 692 5516 ⁸⁸iren
746 5461 780 5515 i.
815 5461 851 5518 Ι.
879 5459 908 5532 5
946 5459 999 5514 5.
1025 5457 1135 5515 Nec
1163 5462 1306 5516 enim
1330 5473 1450 5515 esse
1477 5459 1798 5514 naturaiiter
1832 5463 2178 5530 operationes
2208 5463 2404 5536 iustas,
2439 5469 2534 5524 sed
2586 5483 2654 5525 ex
2696 5461 2986 5534 accidenti,
3057 5472 3467 5526 uemadtnotiutn
