3967 6217
451 5611 476 5678 Ι

1906 1193 2345 1284 DANIEL

1219 1415 1592 1473 SECUNDUM
1634 1410 2141 1479 SEPTUAGINTA,
2179 1409 2275 1465 Ex
2304 1404 2692 1464 TETRAPUS
2715 1401 3061 1469 onmem&
3116 1412 3130 1428 ·

833 1593 984 1650 linuit
1006 1609 1036 1649 e
1064 1593 1324 1664 singulari
1356 1592 1616 1650 Cbisiano
1653 1590 1842 1647 codice
1864 1602 2132 1645 annorum
2165 1600 2329 1658 supra
2369 1598 2540 1647 mccc,
2583 1592 2639 1640 et
2676 1582 2852 1639 edidit
2878 1580 3067 1636 Romae
3096 1592 3242 1634 anno
3272 1574 3418 1631 t772

1676 1766 1744 1822 R.
1779 1765 1842 1823 D.
1878 1763 2306 1841 vincurius-br:
2352 1775 2598 1816 nectum.

2094 2069 2161 2089 -

1054 2315 1799 2412 TESTIMONIA
1888 2316 2038 2405 DE
2112 2310 2538 2407 CODICE
2612 2301 3239 2401 CHISIANO.

1792 2699 2081 2765 LEONIS
2144 2702 2499 2766 ALLATu.

590 2913 772 2968 Codex
812 2919 898 2967 est
928 2907 1380 2980 antiquissimus,
1420 2907 1861 2963 correctissimus
1897 2915 1954 2965 et
1998 2909 2467 2974 absolutissimus,
2499 2914 2572 2970 et.
2613 2910 2675 2958 ut
2736 2903 2852 2973 ipse
2885 2903 3101 2972 judico.
3148 2911 3277 2959 ante
3318 2893 3696 2984 millesimus)
3736 2911 3777 2980 31

519 2980 957 3108 ffss'ffffffimm
998 2994 1204 3036 aunum
1238 2978 1496 3049 scriptus.
1537 2979 1688 3034 Auro
1731 2988 1924 3034 contra
1967 2980 2151 3037 carior
2181 2989 2238 3037 et
2266 2987 2458 3052 patera
2502 2989 2703 3038 aurea,
2745 2975 2981 3043 gemmis
3032 2975 3216 3048 grat-i,
3255 2975 3569 3044 pretiosior
3606 2983 3773 3029 eusti-

1796 3202 2213 3261 csRDthtts
2257 3202 2486 3262 BoNAE.

594 3358 817 3417 Utinam
854 3358 1180 3415 haberemus
1232 3360 1445 3432 integra
1474 3358 1725 3431 Origenis
1740 3357 2017 3432 Tetrapia,
2049 3357 2288 3430 Hexapia
2323 3368 2377 3415 et
2397 3357 2655 3430 Octapla3
2691 3371 2798 3412 non
2837 3363 2915 3412 tot
2940 3353 3531 3433 quaestionesflxorta’:
3566 3349 3737 3407 tusum

521 3431 589 3490 de
610 3428 816 3486 Gra’cis
861 3444 1031 3485 sacra:
1057 3429 1352 3500 Scripturae
1384 3430 1738 3502 editionibus,
1778 3427 2078 3500 earumilue
2103 3429 2206 3484 tide
2243 3439 2299 3484 et
2316 3430 2645 3484 sinceritate.
2680 3427 2784 3482 Sed
2816 3424 3251 3496 qnandoquidem
3284 3421 3373 3476 illa
3405 3423 3751 3491 perieritis-R

521 3514 671 3555 nunc
700 3499 922 3553 emersit
979 3498 1082 3553 hoc
1132 3499 1490 3570 fragmentum
1541 3500 1829 3554 continens
1867 3515 1918 3555 iv
1967 3499 2207 3570 majores
2254 3497 2555 3568 Prophetas
2581 3499 2736 3566 juxta
2788 3495 3095 3551 versionem
3141 3489 3278 3548 Lxx
3310 3489 3761 3560 interpretur-et

527 3568 660 3637 ipsis
682 3566 829 3622 Hexa
872 3567 940 3620 lis
964 3564 1056 3620 Ori
1096 3569 1214 3622 enis
1238 3569 1617 3638 transcriptos,
1644 3583 1677 3623 ο
1752 3582 1823 3623 rae
1848 3569 2082 3638 pretium
2110 3569 2227 3622 lore
2252 3568 2619 3624 existimarem
2657 3566 2702 3623 si
2733 3565 2872 3637 typis
2903 3565 3306 3634 evulgarentur.
3355 3558 3495 3642 [fiam
3532 3561 3771 3630 Origenes

526 3645 731 3693 textum
770 3635 810 3687 t.
868 3635 911 3688 x
949 3650 1016 3690 ex
1102 3638 1404 3706 utographo
1452 3639 1656 3692 Alexan
1701 3638 1794 3691 riae
1834 3646 2050 3705 reperto
2088 3635 2400 3705 descripsit,
2446 3637 2566 3703 ejus
2607 3651 2676 3691 ue
2713 3650 2904 3705 puram
2935 3635 3225 3690 editionem
3258 3631 3540 3696 exhibuit,
3574 3645 3695 3701 (μιν,
3719 3631 3773 3680 ab

524 3704 805 3765 omnibus.
834 3713 995 3770 atque
1028 3705 1190 3758 etiam
1216 3705 1285 3759 ab
1313 3706 1435 3775 ipso
1466 3704 1523 3759 S.
1560 3704 1889 3777 Hieronymo
1961 3720 2060 3775 pro
2105 3705 2317 3760 sincera
2367 3704 2550 3761 habita
2613 3707 2710 3760 nit.
2755 3702 2895 3771 Quia
2947 3718 3076 3758 vero
3114 3712 3233 3773 post
3262 3702 3584 3756 versionem
3620 3696 3775 3760 Lxx.

565 3787 689 3826 nam
713 3783 837 3826 ante
863 3770 1140 3827 Christum
1171 3773 1332 3829 annis
1352 3788 1622 3829 cctxxrtn
1663 3772 1858 3829 factam
1885 3746 2056 3830 fuisse
2084 3772 2241 3829 docet
2278 3773 2531 3836 petavius
2551 3815 2566 3838 ,
2598 3782 2709 3829 tres
2734 3774 2853 3827 alite
2879 3781 3075 3828 secutae
3104 3778 3252 3832 sunt,
3288 3770 3563 3851 nimirum
3589 3770 3779 3850 Alquiiz

570 3842 738 3897 ontici
769 3857 834 3897 ex
864 3842 1179 3897 Christiano
1215 3841 1387 3901 ludaei
1425 3843 1572 3899 eirea
1611 3859 1818 3899 annum
1847 3842 2052 3900 Christi
2101 3859 2277 3908 cxxx,
2311 3841 2701 3899 'theodotionis
2744 3841 2983 3913 Ephesii,
3014 3858 3077 3896 ex
3110 3841 3425 3896 Christiano
3451 3849 3503 3894 et
3540 3838 3781 3892 Eunomia

527 3910 702 3967 Judaei
727 3912 867 3968 cirea
909 3928 1111 3967 annum
1146 3927 1386 3980 cmxxxv,
1432 3921 1487 3969 et
1518 3912 1831 3985 Symmachi
1869 3912 2198 3969 Samaritani
2230 3929 2295 3969 ex
2323 3912 2513 3970 Judaeo
2541 3913 2836 3970 Christiani
2869 3921 2923 3967 et
2974 3911 3234 3966 Ebionitae
3271 3910 3415 3964 circa
3441 3925 3663 3964 annum
3696 3923 3787 3972 ιε,

526 3980 629 4036 has
660 3997 765 4037 nna
792 3998 916 4038 eum
950 3982 1304 4040 translatione
1338 3982 1480 4040 Lxx
1518 3999 1612 4055 per
1643 3986 1928 4040 columnas
1956 3984 2264 4054 disposuit,
2292 3993 2345 4039 et
2368 3982 2618 4053 Tetrapla
2678 3982 2985 4053 appellavit.
3046 3980 3285 4050 Adeptus
3343 3988 3538 4049 postea
3600 3978 3789 4049 liugn:

524 4048 804 4108 Hebraicae
856 4053 1224 4125 cognitionem
1268 4055 1478 4111 addidit
1538 4062 1745 4110 textum
1801 4054 2151 4116 Hebraieum,
2206 4054 2616 4110 characteribus
2662 4053 2717 4107 in
2754 4067 2861 4107 una
2903 4052 3149 4106 columna
3195 4047 3497 4110 liebraicis,
3537 4048 3598 4102 in
3628 4051 3789 4103 alten

522 4121 768 4179 Graecis:
804 4123 949 4182 unde
989 4123 1250 4195 Hexapla.
1308 4126 1535 4182 Demum
1588 4125 1819 4197 repertis
1869 4127 2061 4196 quinta
2092 4133 2148 4180 et
2186 4134 2338 4181 sexta
2373 4123 2844 4184 translationibus,
2899 4121 2990 4176 illa
3028 4119 3376 4173 llierichnnte
3401 4118 3455 4172 in
3489 4117 3669 4174 doliis
3700 4119 3793 4174 snb

523 4191 823 4259 Caracalla,
869 4195 970 4249 hac
1017 4192 1261 4280 Nicopoli
1294 4197 1360 4250 ad
1393 4196 1608 4250 Actium
1654 4196 2093 4266 promontorium
2147 4204 2391 4265 tempore
2435 4193 2727 4250 Alexandri
2783 4192 3003 4257 Severi,
3032 4205 3124 4244 eas
3156 4185 3719 4270 eaeterisadjopxu.
3747 4197 3797 4266 et

524 4261 749 4329 Octapia
782 4263 1104 4318 nominavit.
1129 4265 1527 4319 Commendaut
1561 4266 1706 4320 hunc
1737 4264 1989 4335 Origenis
2018 4265 2259 4321 laborem
2292 4264 2673 4337 Hieronymus,
2713 4273 2765 4318 et
2797 4260 3152 4330 Epiphanius,
3187 4266 3401 4312 tametsi
3432 4271 3541 4328 ipsi
3570 4258 3796 4318 intensi,

524 4330 616 4387 hic
636 4332 728 4386 lib.
747 4332 815 4387 de
847 4331 1186 4387 Ponderibus
1203 4341 1258 4387 et
1279 4334 1571 4398 mensuris,
1588 4335 1679 4389 ille
1705 4334 1756 4389 in
1780 4351 1900 4404 cap.
1920 4349 1978 4389 ut
2008 4334 2179 4404 Epist.
2200 4337 2264 4389 ad
2289 4334 2466 4391 Titum
2489 4352 2502 4390 ε
2525 4341 2579 4389 et
2602 4334 2669 4389 de
2696 4346 2763 4388 eo
2789 4330 3008 4385 disserit
3036 4330 3261 4399 ipsemet
3286 4324 3553 4394 Origenes
3582 4328 3803 4385 treme

522 4400 578 4455 in
614 4399 837 4462 nauh..
869 4411 924 4456 et
950 4401 1110 4468 epist.
1152 4401 1221 4455 ad
1245 4399 1449 4457 Julium
1477 4403 1821 4459 Africanum.
1852 4403 1992 4458 Cum
2026 4414 2203 4461 autem
2240 4405 2479 4474 Hexapla
2530 4402 2750 4459 nonnisi
2788 4400 3003 4467 magnis
3036 4398 3344 4468 sumptibus
3385 4395 3639 4452 describi
3676 4413 3803 4468 pos·

524 4478 668 4531 sent.
699 4467 965 4524 Eusebius
997 4470 1350 4524 Caesariensis
1403 4480 1458 4525 et
1491 4470 1806 4541 Pamphilus
1843 4472 2048 4545 Martyr
2084 4474 2254 4529 solam
2282 4477 2588 4528 versionem
2616 4471 2757 4527 Lxx
2786 4485 2852 4525 ex
2888 4469 3017 4539 ipsis
3049 4467 3302 4536 llexaplis
3339 4466 3807 4523 emendatissime

523 4536 955 4605 descripserunt,
1010 4553 1133 4606 quae
1217 4553 1339 4603 ura,
1365 4548 1419 4594 et
1451 4539 1798 4596 immaculata
1835 4542 1888 4596 in
1918 4541 2179 4599 Ecclesiis
2231 4542 2601 4598 Orientalibus
2665 4548 2984 4596 conservata
3032 4547 3133 4600 est.
3175 4547 3312 4591 teste
3351 4535 3414 4590 D.
3452 4535 3807 4596 iiieronvmo

524 4604 701 4685 Epist.
728 4606 795 4659 ad
823 4607 1049 4660 Suniam
1081 4619 1134 4661 et
1171 4552 1461 4672 ssretelam,
1492 4610 1585 4678 qui
1622 4612 1785 4665 etiam
1816 4612 1884 4666 de
1920 4613 2021 4667 hac
2052 4627 2111 4666 re
2140 4612 2187 4665 le
2228 4612 2240 4663 i
2273 4610 2431 4665 debet
2463 4611 2622 4682 epist.
2659 4611 2760 4666 107
2784 4651 2799 4675 ‚
2835 4609 2902 4664 ad
2932 4607 3330 4663 chromatium.
3381 4605 3627 4661 Constat
3678 4597 3809 4662 irinc

527 4673 831 4745 evidenter,
864 4674 1010 4730 hunc
1039 4675 1294 4732 Codicem
1317 4678 1592 4749 quantivis
1630 4680 1790 4749 pretii
1829 4696 1970 4748 esse,
2006 4691 2120 4736 tum
2165 4696 2236 4735 o)
2261 4679 2563 4748 raritatem,
2603 4690 2717 4736 tum
2749 4680 2877 4750 quia
2911 4676 3241 4734 credendum
3275 4685 3359 4733 est
3392 4684 3614 4732 textum
3660 4675 3809 4733 m

527 4757 732 4814 purum
754 4745 845 4801 hic
867 4754 922 4803 et
944 4746 1219 4803 sincerum
1256 4761 1322 4803 ex
1353 4746 1610 4819 hexaplis
1636 4749 1900 4806 exhiberi.

1799 4899 2135 4956 ANONYtn.
2157 4899 2504 4961 mulctum,

598 5035 951 5108 Septuaginta
984 5045 1044 5093 ut.
1065 5046 1261 5096 nocant
1287 5038 1591 5097 versionem
1626 5041 1805 5110 magni
1837 5054 2051 5111 semper
2093 5041 2333 5099 habitam
2374 5042 2565 5109 fuisse,
2599 5058 2630 5098 a
2665 5041 2904 5108 nemine,
2941 5042 3086 5109 quod
3123 5041 3313 5106 seiam.
3353 5055 3542 5096 rerum
3574 5039 3813 5100 illarum

596 5107 701 5163 rito
735 5107 787 5162 in
811 5107 1038 5167 dubium
1075 5120 1381 5166 revocatur.
1423 5109 1614 5166 Utrum
1638 5125 1769 5164 vero
1793 5110 1955 5165 modo
1988 5120 2160 5168 exstet
2193 5113 2281 5168 illa
2314 5116 2517 5181 versio,
2556 5112 2800 5167 nonnulli
2829 5113 3106 5180 dubitant;
3137 5112 3295 5183 longe
3324 5120 3507 5165 tanuen
3538 5115 3817 5180 probabi-

550 5179 634 5234 ius
654 5188 737 5233 est
766 5178 911 5233 illam
946 5180 1245 5233 etiamnum
1278 5189 1533 5246 exstare3
1567 5196 1597 5235 a
1632 5177 1922 5236 Veteribus
1960 5181 2105 5236 enim
2138 5184 2308 5238 muita
2370 5186 2518 5239 iilius
2572 5183 2689 5238 loca
2740 5183 2996 5248 citantur,
3030 5198 3152 5252 (ωσι
3185 5183 3237 5236 in
3271 5181 3471 5236 nostris
3496 5181 3815 5241 codicibus

525 5247 730 5302 Graecis
772 5248 1062 5303 hodienum
1111 5248 1338 5318 legimus
1372 5269 1385 5305 :
1420 5265 1526 5304 non
1551 5250 1789 5318 negarim
1810 5259 1989 5305 tamen
2020 5253 2187 5309 multa
2214 5253 2267 5307 in
2293 5269 2413 5309 eam
2450 5254 2575 5307 vitia
2607 5253 2910 5322 irrepsisse,
2934 5261 3047 5306 tum
3073 5268 3137 5306 cx
3168 5251 3503 5322 ignorantia,
3534 5261 3593 5304 et
3624 5259 3815 5316 negli-

562 5319 706 5371 entia
744 5318 1107 5388 Scriptorum,
1141 5327 1258 5373 tum
1286 5333 1350 5374 ex
1380 5320 1760 5374 haereticorum
1797 5321 2024 5388 malitia,
2061 5324 2133 5378 ita
2178 5332 2237 5379 ut
2278 5322 2501 5378 Latinus
2547 5330 2602 5374 et
2634 5320 2928 5376 liebraicos
2959 5330 3159 5387 textus,
3192 5329 3413 5376 auctore
3456 5319 3811 5376 Beltarunnn

552 5387 626 5439 ib.
659 5401 694 5438 ιι
719 5388 785 5442 de
813 5386 993 5444 Verbo
1031 5389 1121 5443 Dei
1152 5403 1274 5457 cap.
1312 5393 1364 5452 6,
1395 5404 1457 5442 ex
1496 5389 1699 5444 tit-ascis
1743 5389 2035 5447 Codicibus
2081 5392 2374 5449 emendare
2422 5394 2535 5462 jam
2581 5399 2754 5444 tutum
2799 5407 2905 5446 non
2941 5393 3056 5446 sit:
3093 5407 3191 5446 nec
3216 5391 3412 5445 mirum
3449 5391 3494 5443 si
3536 5395 3811 5461 praedm-ta

525 5457 708 5509 versio
733 5458 915 5538 vitiata
957 5461 1026 5513 sit
1057 5460 1156 5513 hnc
1195 5460 1415 5519 saeculo,
1439 5473 1602 5538 qnam
1639 5458 1701 5516 b.
1727 5457 2087 5533 Hieronymus
2115 5479 2146 5519 a
2185 5464 2333 5519 mille
2387 5460 2637 5518 ducentis
2692 5460 3085 5533 quinquaginta
3125 5461 3286 5517 aunis
3315 5471 3637 5530 corruptam
3672 5477 3813 5518 esse

526 5536 923 5596 pronuntiavit,
961 5528 1178 5583 Pras-iat.
1214 5529 1269 5583 in
1298 5529 1532 5595 l’arahp.
1561 5539 1615 5584 et
1644 5528 1800 5586 Esdr.

599 5614 730 5673 lude
756 5627 962 5685 antem,
994 5621 1210 5689 opinor,
1240 5635 1457 5676 errores
1488 5619 1540 5674 iu
1571 5637 1690 5678 eam
1722 5622 2077 5694 irrepserunt,
2118 5621 2265 5695 quod
2295 5637 2420 5679 euni
2464 5621 2647 5678 multa.-
2676 5622 2953 5679 versiones
3007 5633 3215 5687 essent,
3244 5627 3549 5675 commistae
3597 5619 3807 5674 ‹ieiuni-2

527 5688 674 5749 tuter
699 5703 776 5755 se,
811 5695 974 5761 atque
1001 5691 1138 5748 adeo
1161 5691 1318 5748 vaide
1348 5689 1587 5749 consusae
1609 5697 1910 5753 manserint
1946 5714 1959 5752 ε
1998 5709 2123 5751 nam
2166 5699 2363 5766 praeter
2390 5691 2694 5749 versionem
2725 5709 2848 5760 ιη,
2883 5691 3103 5748 fuerunt
3127 5700 3238 5749 tres
3263 5690 3405 5757 aiiae,
3432 5689 3653 5759 Aquilae
3686 5705 3809 5746 sci-
