3967 6217
123 343 322 399 2722>

1410 339 1819 397 ttttzssctELts
1855 340 2088 401 CAPUT
2130 343 2314 400 xxiv,

3333 345 3472 404 2728

128 455 256 516 58.
289 460 504 516 donec
530 470 584 516 et
614 460 730 515 lia-c
759 457 1006 514 iecerunt
1037 457 1172 514 milii
1207 476 1220 513 ε
1248 456 1567 528 polluebant
1598 456 1796 512 Sancta
1826 456 1876 513 A
1900 471 2023 512 vem
2049 458 2311 514 constitui
2338 474 2463 515 eum
2497 479 2510 514 ε
2541 475 2649 515 non
2689 458 2857 516 effudi
2900 475 3025 516 eum
3072 457 3235 531 super
3264 473 3471 519 terrain

137 563 300 604 tuen
341 553 434 621 χ
457 551 514 608 iu
547 552 632 607 die
645 551 739 608 illo
761 551 883 620 1,et
902 549 1128 607 sabbata
1155 564 1277 606 mea
1305 546 1786 620 profanabant,59.

140 639 244 710 (q)
285 650 360 698 et
387 657 525 698 cum
543 642 860 712 jugularent
874 641 1019 698 sslios
1044 655 1179 697 suos
1204 641 1367 696 idolis
1388 642 1527 701 suis.
1544 652 1596 697 et
1613 639 1790 711 ingre-

141 733 500 790 diebantur
525 734 580 790 in
608 733 930 790 Sanctuaria
957 748 1082 788 mea
1113 736 1180 802 Χ
1204 734 1262 788 in
1289 734 1378 790 die
1408 732 1500 790 illo
1526 734 1548 804 ζ
1578 733 1646 789 ad
1663 748 1789 802 pro-

147 825 508 882 fanandum
526 840 625 882 ea:
658 835 712 882 et
737 825 884 897 quod
912 825 994 882 sic
1016 824 1290 881 faciebant
1319 825 1374 880 in
1396 825 1577 880 medio
1592 825 1788 881 doinus

151 931 352 985 meae,
408 917 504 975 lt).
553 926 608 973 et
640 919 788 989 quod
833 919 969 975 viris
995 918 1344 974 venientibus
1394 932 1426 973 e
1463 918 1785 990 longinquo,

149 1008 408 1078 quibus
447 1010 674 1065 nuntios
706 1007 969 1066 miserant
1018 1010 1085 1064 ad
1111 1025 1228 1075 θος,
1262 1018 1320 1066 et
1351 1010 1538 1066 statim
1575 1008 1667 1065 ubi
1695 1025 1789 1065 ve-

147 1100 446 1164 nissent,
488 1099 784 1165 lavabaris,
816 1110 872 1157 et
898 1100 1127 1171 collyrio
1154 1101 1386 1158 liniebas
1414 1102 1606 1158 oculos
1636 1112 1784 1166 tuos,

146 1201 218 1248 et
241 1191 573 1249 ornabaris
600 1203 818 1260 ornatu,
844 1193 934 1250 st.
953 1203 1012 1249 et
1037 1194 1267 1252 sedebas
1293 1209 1460 1266 super
1490 1195 1629 1251 lecto
1653 1204 1789 1251 stra·

152 1292 253 1348 to.
297 1288 365 1339 et
404 1297 592 1339 mensa
621 1284 887 1339 instructa
911 1291 1038 1340 ante
1056 1282 1250 1340 faciem
1280 1283 1402 1355 ejus
1429 1304 1443 1340 z
1468 1293 1524 1340 et
1545 1285 1785 1356 tbymia-

159 1387 274 1428 ma
304 1385 534 1439 meum,
565 1382 621 1429 et
651 1373 832 1430 oleum
863 1389 1070 1442 meum,
1102 1375 1429 1432 laetabantur
1474 1377 1528 1432 in
1563 1379 1667 1442 eis,
1694 1378 1785 1433 ⁴2.

164 1464 254 1538 (r)
284 1475 355 1522 et
389 1481 557 1524 voces
605 1467 906 1525 barmoniae
951 1469 1263 1539 pulsabant.
1321 1477 1375 1524 et
1427 1469 1493 1525 ad
1548 1471 1694 1533 viros
1719 1485 1785 1527 ex

165 1568 345 1616 coetu
383 1559 668 1615 bominum
691 1561 971 1617 venientes
994 1563 1065 1630 3(
1086 1561 1385 1619 inebriatos
1414 1563 1437 1634 ζ
1470 1579 1501 1619 e
1531 1562 1782 1618 deserto:

166 1661 237 1710 et
271 1652 500 1709 dabant
551 1653 795 1710 armillas
846 1653 901 1708 in
934 1669 1131 1711 manus
1185 1670 1397 1720 earum,
1432 1664 1487 1711 et
1530 1671 1786 1713 coronam

175 1744 552 1816 gloriationis
610 1759 775 1817 super
828 1745 1010 1816 capita
1066 1762 1276 1802 earum.
1303 1749 1396 1804 43.
1444 1748 1509 1805 Et
1531 1749 1643 1805 dixi
1670 1768 1685 1805 ε
1720 1749 1787 1822 (ε)

181 1834 407 1895 Nonne
446 1838 502 1894 in
541 1836 629 1894 his
688 1839 1084 1895 moechautur?
1124 1850 1185 1896 et
1231 1855 1395 1912 opera
1437 1844 1787 1899 meretricum

179 1925 374 1985 etiam
409 1929 527 2001 ipsa
556 1928 822 1987 fornicata
853 1932 972 1989 est?
990 1932 1081 1989 tt.
1134 1934 1205 1990 Et
1244 1933 1694 2007 ingrediebantur
1719 1935 1787 1991 ad

184 2032 328 2076 eam
361 2060 378 2087 ,
426 2020 889 2091 quemadmodum
938 2022 1322 2091 ingrediuntur
1378 2022 1447 2078 ad
1501 2024 1786 2080 mulierem

189 2110 577 2178 meretricem,
611 2110 686 2167 ita
729 2112 1178 2183 ingredlebautur
1207 2114 1274 2169 ad
1323 2112 1578 2181 Oliolam,
1616 2124 1671 2171 et
1719 2117 1786 2172 ad

186 2199 523 2269 Obolibam,
562 2209 625 2257 ut
655 2202 899 2259 lacerent
921 2204 1281 2276 iniquitatem.
1305 2205 1395 2263 45.
1418 2207 1487 2262 Et
1511 2208 1611 2264 viri
1627 2207 1784 2277 justi,

186 2291 252 2347 bi
284 2291 631 2350 ulciscentur
657 2308 754 2350 eas
787 2293 997 2350 ultione
1054 2295 1449 2364 adulterarum,
1483 2308 1537 2354 et
1581 2299 1786 2354 ultione

183 2382 526 2454 sanguini„
561 2384 690 2455 quia
720 2385 986 2442 adulteras
1002 2395 1154 2454 sunt.
1182 2398 1238 2446 et
1265 2391 1490 2460 sanguis
1523 2389 1578 2444 in
1609 2390 1788 2447 mani-

183 2473 306 2530 bus
331 2486 546 2531 earum.
581 2475 673 2530 40.
699 2475 841 2543 Quia
876 2477 992 2535 liaec
1032 2479 1165 2536 dicit
1194 2479 1457 2538 Dominus
1480 2481 1781 2539 Dominus:

188 2562 402 2619 Adduo
431 2563 497 2635 (t)
531 2578 701 2635 super
728 2578 825 2622 eos
856 2575 1085 2633 coetum,
1109 2577 1164 2623 et
1195 2567 1262 2624 da
1301 2570 1356 2625 in
1382 2570 1464 2627 eis
1490 2571 1778 2628 tumultum

181 2666 245 2712 et
276 2655 557 2726 rapinam,
601 2655 691 2712 ⁴7.
743 2665 800 2714 et
856 2658 1036 2730 iapida
1065 2675 1234 2731 super
1275 2675 1372 2718 eas
1415 2663 1471 2718 in
1508 2662 1781 2733 lapidibus

185 2748 509 2816 turbarum,
549 2748 630 2822 (u)
665 2757 722 2805 et
751 2748 1026 2806 confodite
1056 2763 1151 2808 eas
1183 2753 1238 2808 in
1289 2751 1486 2823 gladils
1540 2767 1732 2809 eorum
1762 2772 1777 2810 :

187 2839 344 2897 illios
376 2855 589 2908 earum,
616 2850 671 2898 et
694 2841 833 2898 filias
858 2857 1045 2899 earum
1078 2845 1347 2910 occident,
1382 2858 1437 2902 et
1466 2847 1660 2904 domos
1687 2864 1780 2904 ea·

191 2947 324 2990 rum
356 2933 412 2989 in
440 2931 565 3006 igne
585 2933 899 2991 incendent.
928 2933 1017 2990 ⁴8.
1049 2933 1127 3009 (x)
1161 2935 1229 2991 Et
1269 2950 1510 2995 avertam
1533 2939 1781 3011 impieta·

192 3034 309 3081 tem
331 3024 403 3079 de
433 3032 604 3092 terra,
636 3032 692 3081 et
719 3026 1041 3084 erudientur
1059 3043 1252 3085 ornnes
1279 3030 1556 3097 mulieres,
1595 3041 1648 3087 rt
1672 3047 1778 3089 non

1894 558 1951 604 ut
1988 559 2194 621 tegeret
2226 565 2393 623 super
2421 566 2546 607 eum
2584 562 2749 619 terra,
2778 551 2830 606 8.
2870 560 2931 607 ut
2959 553 3277 608 ascenderet
3319 552 3475 608 i'uror

1891 641 1945 694 in
1975 642 2271 698 vindictam
2301 653 2359 698 ut
2391 643 2761 699 vindicaretur
2793 660 2809 697 z
2837 643 2958 699 dedi
2989 643 3311 713 sanguinem
3349 643 3475 713 eJus

1892 749 2057 803 super
2084 743 2292 803 petram
2326 735 2534 802 laevem,
2569 743 2628 791 ut
2659 753 2725 791 ue
2762 744 2968 807 tegeret
2990 749 3138 790 eum.
3162 733 3218 790 9.
3249 733 3475 804 Propter

1891 822 1997 878 boc
2035 825 2151 880 haec
2185 824 2321 882 dicit
2354 827 2562 882 Adonai
2600 826 2864 882 Dominus
2893 844 2907 880 :
2940 828 3009 894 3⁸(
3054 824 3145 881 Vae
3178 824 3308 880 urbs
3340 840 3471 880 sau-

1890 918 2121 989 guinum
2176 920 2222 988 ζ.
2266 929 2325 974 et
2371 936 2471 992 ego
2523 920 2881 992 magnificabo
2924 920 3001 992 (α)
3038 929 3262 984 torrem,
3301 915 3389 971 to.
3420 926 3475 971 et

1892 1007 2266 1077 multiplicabo
2301 1010 2464 1079 ligna,
2512 1022 2564 1066 ct
2597 1013 2924 1067 succendam
2950 1010 3149 1082 ignom,
3196 1019 3255 1063 ut
3301 1008 3474 1077 lique-

1891 1109 2049 1155 scant
2086 1114 2280 1155 carnes
2319 1101 2416 1170 (b),
2467 1112 2523 1156 et
2568 1103 2928 1157 imminuatur
2962 1101 3260 1171 jusculum,
3311 1101 3378 1168 Χ
3420 1106 3474 1152 ct

1890 1207 2019 1249 ossa
2059 1193 2224 1249 simul
2274 1202 2575 1249 exurentur
2610 1196 2658 1263 ζ,
2708 1193 2789 1249 11.
2839 1203 2893 1249 et
2928 1201 3036 1249 stet
3070 1206 3238 1263 super
3270 1205 3473 1262 prunas

1897 1288 1965 1355 Χ
1997 1286 2138 1357 cim,
2181 1283 2516 1340 inflammata
2563 1296 2649 1341 cst
2698 1287 2746 1353 ζ,
2778 1293 2841 1340 ut
2883 1285 3257 1349 comburatur,
3297 1287 3365 1352 Χ
3416 1292 3474 1336 ut

1890 1379 2054 1434 simul
2106 1387 2370 1435 exuratur
2408 1377 2432 1446 ζ
2466 1391 2542 1432 aes
2572 1375 2712 1447 ejus,
2759 1387 2816 1432 et
2869 1377 3140 1446 liquescat
3195 1376 3249 1429 in
3293 1373 3474 1428 medio

1892 1475 1961 1541 3⁸(
1998 1471 2118 1542 ejus
2155 1473 2178 1542 ζ
2212 1471 2559 1527 immunditia
2597 1469 2737 1540 ejus,
2765 1478 2820 1526 et
2851 1467 3069 1524 deficiat
3103 1480 3284 1537 {erugo
3326 1466 3471 1535 ejus.

1891 1567 1958 1633 30(
1982 1563 2053 1637 (c)
2089 1564 2425 1635 deprimatur
2450 1579 2633 1634 aerugo
2668 1564 2716 1635 ζ.
2752 1562 2840 1616 ¹2.
2874 1559 2937 1615 Et
2976 1574 3083 1615 non
3108 1559 3281 1614 exibit
3304 1556 3371 1612 de
3406 1570 3474 1612 ca

1892 1659 2063 1715 inulta
2112 1673 2297 1729 aerugo
2348 1657 2490 1729 ejus,
2540 1665 2597 1711 ct
2636 1654 2921 1711 erubescet
2965 1664 3149 1719 aerugo
3191 1649 3330 1720 ejus.
3382 1645 3471 1705 15.

1892 1750 2043 1819 >t<1n
2084 1748 2430 1804 immunditia
2461 1755 2550 1801 tua
2599 1747 2617 1770 ⁵
2659 1745 2881 1803 elixatio
2920 1745 2968 1815 ζ,
3001 1758 3099 1814 pro
3125 1741 3192 1798 iis
3233 1738 3377 1810 quod
3420 1747 3473 1794 to

1894 1843 2280 1901 contaminasti
2307 1849 2385 1908 tu,
2408 1842 2479 1909 Χ
2504 1848 2559 1896 et
2586 1854 2696 1894 non
2725 1837 3010 1909 purificata
3041 1851 3102 1891 es
3129 1835 3198 1890 ab
3233 1834 3474 1890 immun·

1893 1917 2031 1991 ditia
2053 1940 2146 1989 tua
2182 1935 2319 2004 :tet
2340 1932 2470 2002 quid
2496 1930 2541 1986 si
2575 1945 2685 1986 non
2717 1927 3000 2001 purificata
3026 1926 3196 1983 fueris
3216 1923 3470 1996 amplius,

1894 2026 2071 2081 donec
2116 2034 2172 2079 et
2218 2022 2472 2093 impleam
2516 2021 2761 2076 furorem
2793 2033 2976 2075 meum
3017 2018 3071 2072 in
3113 2017 3201 2072 te?
3226 2014 3312 2070 14.
3361 2012 3475 2084 Ego

1895 2115 2164 2171 Dominus
2203 2113 2418 2169 locutus
2438 2127 2585 2177 sum,
2616 2119 2671 2166 et
2687 2110 2886 2176 veniet,
2919 2118 2973 2164 et
3002 2105 3194 2163 faciam
3226 2103 3329 2179 (d),
3363 2119 3471 2161 non

1893 2205 2162 2270 differam,
2194 2219 2298 2260 nec
2331 2198 3144 2271 miserebor,>t(obtemperabo
3177 2199 3199 2268 ζ
3234 2211 3473 2253 :secun-

1891 2299 2025 2352 dnm
2054 2296 2173 2353 vias
2207 2304 2355 2361 tuas,
2402 2301 2459 2351 et
2496 2291 2799 2351 secundum
2837 2289 2907 2362 (e)
2946 2288 3307 2360 cogitationes
3348 2296 3470 2343 tuas

1885 2389 2149 2461 judicabo
2178 2398 2249 2455 te,
2281 2388 2414 2444 dicit
2447 2385 2659 2444 Adonai
2701 2383 2985 2439 Dominus.
3014 2397 3073 2438 ÷
3104 2380 3330 2451 Propter
3366 2380 3470 2436 hoc

1889 2497 1994 2554 ego
2012 2480 2272 2553 judicabo
2302 2489 2353 2536 te
2376 2479 2675 2537 secundum
2702 2476 2997 2547 sanguines
3027 2484 3170 2540 tuos,
3197 2483 3253 2528 et
3276 2486 3471 2528 secun*

1889 2573 2021 2629 dum
2074 2572 2430 2643 cogitationes
2478 2580 2598 2627 tuas
2641 2563 2901 2639 judicabo
2953 2577 3024 2632 te,
3066 2565 3368 2631 immunda,
3416 2572 3471 2619 ct

1891 2663 2192 2730 nominata,
2222 2672 2277 2719 et
2299 2660 2471 2717 multa
2501 2661 2569 2716 ad
2594 2659 2919 2716 irritandum
2954 2660 3000 2729 ζ.
3034 2657 3122 2713 15.
3156 2656 3221 2711 Et
3264 2656 3467 2712 iactum

1888 2765 1972 2813 cst
1995 2756 2221 2812 verbum
2262 2753 2475 2810 Domini
2511 2753 2577 2809 ad
2616 2767 2723 2819 me,
2753 2752 2942 2808 dicens
2978 2769 2992 2805 ε
3028 2750 3116 2806 16.
3160 2748 3259 2804 Fui
3291 2749 3468 2803 bomi-

1888 2849 1996 2918 nis,
2025 2862 2154 2904 ecce
2198 2861 2301 2917 ego
2333 2846 2465 2902 tollo
2499 2846 2564 2918 (f)
2607 2844 2878 2902 desideria
2918 2842 3204 2900 oculorum
3245 2851 3464 2897 tuorum

1888 2939 1944 2996 iu
1976 2939 2339 2995 instructione
2356 2937 2507 3001 belli,
2540 2951 2648 2992 non
2675 2936 2923 3007 planges,
2960 2950 3138 3006 neque
3157 2931 3463 2994 dellelieris.

1891 3048 2068 3103 neque
2119 3033 2339 3087 venient
2372 3029 2468 3086 tibi
2508 3030 2767 3086 lacrimae.
2820 3029 2905 3084 17.
2952 3027 3027 3100 (9)
3059 3026 3302 3083 Gemitus
3336 3042 3465 3082 san-

196 3113 408 3170 facient
433 3115 734 3172 secundum
766 3117 1069 3188 impietates
1105 3134 1319 3175 earum.
1357 3119 1447 3174 49.
1478 3119 1545 3175 Et
1564 3121 1786 3178 dabitur
1812 3146 1856 3204 C
1888 3122 2092 3193 guinis,
2121 3120 2294 3175 lumbi
2325 3120 2506 3175 luctus
2530 3128 2615 3174 est
2653 3118 2769 3173 liaec
2799 3137 2812 3172 :
2849 3132 2959 3173 non
2997 3126 3159 3173 erunt
3182 3115 3362 3172 crines
3387 3115 3465 3171 tui
3568 3106 3574 3111 ’

198 3207 460 3280 impietas
480 3217 660 3264 vestra
690 3224 854 3280 supet·
886 3225 1003 3275 vos,
1027 3219 1082 3266 et
1118 3220 1342 3282 peccata
1390 3213 1780 3284 cogitationum

197 3308 510 3356 vestrarum
547 3299 850 3371 accipietis,
874 3309 928 3357 et
958 3302 1165 3370 scietis,
1205 3303 1334 3372 quia
1379 3317 1481 3373 ego
1523 3304 1786 3361 Dominus

203 3389 493 3448 Dominus.

276 3480 430 3537 CAP.
465 3480 818 3538 xxm—t.
869 3483 935 3539 Et
958 3483 1162 3540 iactum
1193 3493 1276 3542 est
1305 3486 1525 3542 verbum
1567 3487 1782 3545 Domini

208 3571 279 3628 ad
311 3587 400 3628 me
443 3572 498 3628 in
553 3588 701 3628 anno
755 3590 925 3639 nouo.
968 3574 1024 3633 in
1066 3590 1255 3633 mense
1292 3576 1526 3648 decimo,
1573 3580 1786 3640 decimo

212 3660 442 3728 mensis,
497 3660 688 3719 dicens
717 3679 732 3716 ε
766 3662 822 3721 2.
884 3663 986 3719 Fili
1033 3663 1304 3735 hominis,
1355 3668 1532 3726 scribe
1585 3671 1681 3727 tibi
1726 3672 1780 3727 in

210 3748 353 3809 diem
381 3752 456 3826 (y)
487 3769 519 3809 a
551 3754 640 3810 die
665 3754 789 3822 hoc,
823 3770 854 3811 a
887 3770 996 3828 quo
1031 3770 1093 3813 se
1127 3758 1321 3814 extulit
1362 3774 1453 3816 rex
1493 3759 1783 3835 Babylonis

210 3858 374 3917 super
412 3844 736 3915 Jerusalem,
763 3861 793 3903 a
821 3848 909 3905 die
949 3850 1236 3908 hodierno.
1270 3854 1325 3909 5.
1374 3852 1441 3910 Et
1486 3856 1575 3913 dic
1616 3873 1783 3930 super

208 3935 423 3994 domum
450 3939 755 3997 irritantem
779 3940 1116 4012 parabolam,
1147 3952 1201 4001 et
1222 3945 1371 4002 dices
1394 3947 1459 4002 ad
1483 3963 1580 4003 eos
1609 3967 1624 4003 ι
1656 3948 1783 4007 iiaec

210 4027 338 4085 «licit
362 4025 625 4086 Dominus
652 4028 917 4087 Dominus
948 4033 1139 4090 :Pone
1160 4036 1347 4104 oliam,
1375 4039 1442 4109 Χ
1470 4055 1612 4110 pone
1641 4042 1690 4111 ζ,
1728 4052 1784 4100 et

211 4119 429 4177 infunde
448 4121 504 4178 in
526 4136 649 4179 eam
676 4138 900 4196 aquam,
918 4124 972 4180 t.
1003 4134 1058 4180 et
1078 4124 1235 4183 mitte
1255 4127 1310 4182 in
1335 4143 1454 4185 eam
1480 4143 1780 4202 segmenta,

211 4224 369 4265 omne
419 4220 764 4282 segmentum
820 4214 1106 4282 decorum,
1163 4232 1311 4286 crus,
1357 4228 1413 4274 et
1466 4221 1779 4292 humerum,

211 4300 447 4358 abscissa
466 4302 537 4358 ab
554 4303 794 4369 ossibus,
825 4304 880 4361 5.
909 4305 978 4361 de
993 4307 1245 4377 jumento
1269 4309 1445 4365 electo
1471 4309 1543 4384 (z)
1566 4325 1778 4372 sumta:

211 4402 264 4449 et
292 4393 516 4451 incende
544 4409 673 4451 ossa
703 4395 805 4452 sub
835 4397 936 4454 eis.
973 4396 1220 4468 Fer-buit,
1248 4399 1517 4469 efferbuit,
1549 4412 1604 4461 et
1627 4417 1781 4463 cocta

1891 3212 2130 3269 conserti
2172 3224 2336 3280 super
2380 3218 2453 3273 te,
2492 3217 2549 3264 et
2590 3209 2958 3264 calceamenta
3014 3217 3105 3263 tua
3146 3207 3199 3262 in
3238 3207 3467 3278 pedibus

1894 3300 2002 3357 tuis
2035 3317 2052 3355 t
2080 3315 2190 3356 nnn
2233 3297 2659 3355 consolationem
2697 3296 2933 3365 accipies
2972 3296 3025 3350 in
3058 3295 3215 3351 labiis
3253 3311 3463 3362 eorum,

1892 3402 1947 3450 et
1964 3407 2155 3462 panem
2187 3389 2430 3445 virorum
2458 3404 2567 3444 non
2597 3388 2868 3443 comedes.
2898 3387 2984 3441 18.
3019 3386 3084 3442 Ει
3110 3386 3325 3442 locutus
3345 3402 3463 3443 suni

1892 3483 1960 3540 ad
2033 3483 2293 3556 populum
2370 3495 2652 3547 mauc,÷
2683 3479 3142 3557 quemadmodum
3212 3481 3468 3551 praecepit

1892 3577 2027 3634 milii
2063 3579 2112 3650 ζ.
2145 3583 2201 3632 et
2230 3563 2445 3630 mortua
2494 3581 2579 3629 est
2622 3586 2773 3627 uxor
2802 3585 2923 3626 mea
2962 3585 3205 3641 vespere,
3258 3581 3313 3626 et
3360 3569 3464 3627 feci

1891 3684 2072 3736 mane,
2103 3665 2563 3740 quemadmodum
2609 3671 2937 3736 pra-ceptum
2967 3662 3069 3719 luit
3093 3662 3248 3719 mibi.
3278 3662 3366 3719 19.
3400 3662 3467 3719 Et

1887 3761 2029 3817 dixit
2081 3761 2148 3816 ad
2195 3775 2280 3814 me
2318 3758 2553 3830 populus
2586 3777 2600 3811 ε
2648 3755 2767 3812 Non
2796 3756 2935 3814 dicis
2968 3755 3148 3823 nobis,
3182 3755 3313 3825 quid
3356 3756 3467 3811 sint

1890 3851 2343 3924 xnoliisssba’c,
2378 3864 2501 3923 quae
2536 3857 2594 3905 tu
2627 3846 2801 3903 sacis?
2836 3846 2927 3902 20.
2975 3847 3043 3901 Et
3073 3847 3186 3903 dixi
3219 3845 3288 3900 ad
3318 3861 3413 3902 eos
3449 3866 3461 3900 :

1892 3945 2130 4001 Verbum
2187 3943 2404 4000 Domini
2457 3942 2661 3997 factum
2710 3949 2794 3996 est
2836 3939 2905 3994 ad
2945 3954 3059 4005 mc,
3113 3937 3465 3994 dicenstffi.

1889 4036 1989 4095 Dic
2013 4039 2081 4095 ad
2106 4038 2331 4093 domum
2362 4033 2581 4089 Israelis
2609 4050 2622 4085 ε
2655 4030 2783 4086 Haec
2814 4029 2949 4085 «licit
2995 4029 3259 4085 Dominus
3285 4029 3469 4105 Domi-

1889 4144 1997 4185 nus
2028 4128 2208 4185 :Ecce
2253 4140 2356 4196 ego
2382 4122 2682 4196 profanabo
2714 4120 2912 4177 Sancta
2958 4135 3099 4186 mea,
3142 4120 3462 4190 iactantiam

1890 4219 2232 4278 fortitudinis
2265 4225 2481 4280 vestrae.
2513 4213 2895 4271 desiderabilia
2930 4214 3214 4270 oculorum
3257 4223 3465 4272 vestro-

1890 4329 2034 4380 rum,
2065 4318 2120 4368 et
2140 4326 2241 4383 pro
2270 4309 2472 4383 quibus
2501 4315 2736 4379 parcunt
2759 4309 2959 4361 animai
3004 4314 3199 4362 vestrae
3231 4323 3247 4362 ε
3281 4315 3334 4362 et
3368 4307 3462 4362 illii

1875 4408 2081 4474 ,vestri,
2126 4415 2183 4463 et
2229 4405 2352 4461 nliae
2389 4411 2601 4468 vestrae,
2639 4414 2780 4472 quos
2824 4399 3142 4471 reliquistis,
3187 4399 3242 4453 in
3285 4397 3464 4470 gladia

214 4492 333 4541 sunt
365 4498 487 4542 oasa
520 4487 642 4557 eius
670 4487 726 4543 in
762 4488 941 4545 medio
973 4489 1138 4547 illius.
1177 4491 1229 4548 6.
1265 4491 1493 4571 Propter
1533 4498 1639 4555 hoc
1667 4499 1784 4559 liaec
1815 4495 1859 4550 D
1886 4502 2105 4565 cadent,
2134 4496 2224 4551 22·
2271 4503 2326 4551 et
2377 4492 2556 4559 facile·
2594 4489 3052 4562 quemadmffllum
3086 4485 3189 4544 feei
3226 4505 3240 4542 ²
3284 4485 3361 4558 (ἦ)
3395 4489 3464 4541 ²¹¹³

213 4576 338 4635 dicit
361 4578 570 4636 Adonai
599 4578 904 4638 Dominus:
934 4581 980 4639 0
1017 4584 1150 4642 urbs
1181 4590 1530 4660 sanguinum,
1563 4593 1693 4662 olla,
1722 4595 1777 4652 in
1888 4611 1983 4654 ore
2007 4605 2333 4650 eorum-uon
2369 4585 2647 4658 accipietis
2684 4582 3137 4646 consolationem,
3178 4588 3233 4637 et
3266 4593 3459 4652 pwew

212 4687 313 4744 qua
334 4682 418 4729 cst
441 4687 649 4747 aerugo,
686 4681 742 4731 et
773 4691 957 4749 aerugo
989 4693 1094 4737 non
1127 4679 1262 4736 exiit
1286 4697 1352 4737 ex
1382 4698 1467 4750 ea,
1502 4687 1779 4743 membra·
1885 4689 2130 4744 virorum
2160 4700 2267 4739 non
2295 4679 2610 4745 comedetis,
2638 4677 2730 4732 23.
2754 4685 2808 4732 et
2836 4675 3074 4732 cincinni
3104 4672 3268 4728 vestri
3299 4681 3463 4739 super

214 4762 302 4817 tim
329 4765 570 4835 protulit,
615 4779 726 4822 non
766 4767 964 4824 cecidit
999 4785 1165 4842 super
1196 4787 1317 4828 cam
1356 4789 1497 4830 sors.
1540 4776 1594 4834 7.
1638 4776 1777 4846 Quia
1833 4793 1838 4798 ·
1884 4781 2064 4853 capite
2106 4785 2326 4841 vestro,
2386 4781 2441 4830 et
2483 4773 2848 4828 calceamenta
2894 4776 3075 4823 vestra
3127 4766 3184 4820 in
3231 4751 3462 4834 pcdilnsss

218 4858 421 4927 “⁰8⁰5ss
444 4856 568 4931 01⁰8
597 4859 652 4916 1¹¹
681 4861 862 4918 medio
890 4860 1038 4919 illius
1064 4871 1171 4930 0⁸⁸·
1223 4881 1389 4936 super
1434 4877 1643 4939 petram
1688 4871 1779 4927 la:-
1885 4873 2083 4933 vestris
2116 4890 2130 4928 ε
2165 4885 2263 4927 nec
2292 4866 2577 4940 plangetis,
2613 4877 2803 4934 neque
2820 4858 3041 4925 flebitis,
3064 4865 3118 4913 et
3144 4853 3463 4926 liquescetis

2395 5029 2464 5099 (r)
2495 5028 2582 5092 S.,
2608 5035 2662 5081 et
2690 5040 2795 5079 vox
2841 5029 3017 5079 coetus
3042 5015 3315 5074 affluentis
3342 5024 3462 5068 erat

286 5016 353 5090 (q)
383 5017 466 5084 S.,
494 5029 550 5075 et
575 5037 698 5077 cum
739 5023 1116 5081 sacrificarent
1149 5025 1293 5083 lilios
1315 5044 1448 5087 suos
1472 5032 1637 5091 idolis
1662 5035 2287 5110 suis,ingrediebantur.
3023 5089 3089 5161 (t)
3134 5088 3312 5156 Super
3342 5098 3458 5140 223·

222 5086 269 5142 in
300 5103 380 5144 eas
481 5089 552 5162 (ε)
589 5090 710 5159 Tin,
740 5094 813 5158 ei,
857 5096 1020 5166 cujus
1047 5096 1118 5151 ab
1148 5098 1391 5169 'antiquo
1417 5110 1505 5157 est
1541 5113 1758 5179 tempus
1782 5107 2138 5166 scortationis
2183 5100 2487 5159 meretricis
2524 5095 2920 5153 meretricium.

222 5157 432 5242 §Qu--
452 5167 508 5241 ‘32
538 5164 866 5231 θψῦΐὸῧὺῑῑ
883 5178 980 5218 0³³
1007 5164 1064 5221 in
1095 5165 1295 5234 gladiis
1313 5184 1528 5228 eorum.
1607 5175 1686 5248 (x)
1714 5177 1800 5245 S.,
1827 5179 1976 5250 quod
1999 5191 2218 5233 cessare
2250 5171 2445 5228 i'aciam
2473 5165 2940 5224 abominationem
2968 5175 2999 5215 a
3030 5167 3195 5215 terra.
3273 5158 3346 5224 iu)
3372 5151 3457 5236 β..

221 5243 269 5284 m
292 5243 396 5301 ipso
428 5229 519 5286 dte
541 5229 646 5287 boc
675 5233 966 5287 antevertit
993 5236 1300 5294 constituit.
1376 5241 1454 5312 (ι)
1484 5239 1570 5308 S..
1600 5262 1753 5303 sume
1774 5251 1876 5314 sal,
1913 5258 1969 5305 et
2008 5262 2150 5320 pone
2181 5241 2539 5298 circumcirca
2571 5251 2696 5291 ossa
2731 5233 2833 5287 sub
2862 5231 2961 5285 eis.
3040 5231 3115 5294 (α)
3144 5225 3268 5290 Th..
3293 5232 3346 5306 et
3372 5242 3455 5278 m-

220 5297 645 5356 ssammationcm.
747 5302 821 5372 (b)
861 5300 945 5368 S.,
986 5303 1153 5360 simul
1182 5319 1448 5378 coquetur
1483 5316 1938 5374 stabilimentum.
2055 5316 2124 5385 (c)
2155 5311 2239 5378 S.,
2269 5314 2323 5366 in
2368 5324 2554 5364 amore
2576 5304 2776 5361 laboris
2810 5301 2912 5355 l'uit
2939 5314 3064 5354 cum
3111 5297 3376 5352 molestia.
3405 5302 3460 5346 et

225 5384 318 5426 non
341 5370 506 5426 exivit
529 5371 598 5425 de
624 5384 690 5426 ea
717 5371 1011 5428 inuititudo
1042 5376 1303 5446 aeruginis
1327 5379 1471 5449 ejus.
1553 5385 1616 5468 (⁶)
1644 5388 1742 5443 iiic
1767 5390 1953 5459 lapsus
1973 5394 2060 5444 est
2091 5387 2361 5452 interpres
2396 5378 2680 5450 Syriacus,
2712 5374 2806 5442 qui
2840 5386 3033 5425 vocem
3053 5368 3296 5423 Gnaxam
3326 5362 3457 5433 ζὲμ·

226 5454 313 5512 μα,
342 5456 460 5512 qum
487 5450 574 5496 est
599 5439 925 5498 ilebraicum
955 5454 1089 5511 nm,
1112 5446 1398 5507 elementis
1429 5452 1636 5513 Graecis
1663 5459 1955 5530 scriptum,
1993 5454 2201 5524 accepit
2228 5463 2286 5508 ut
2317 5464 2516 5505 nomen
2560 5446 2812 5501 Graecum
2857 5439 3019 5510 ζέμα,
3058 5456 3085 5492 a
3118 5437 3281 5491 verbo
3325 5434 3454 5500 ζέω,

220 5541 271 5588 et
294 5529 442 5590 vertit
469 5515 674 5660 afim,
706 5531 951 5591 elixatio.
984 5535 1070 5593 Cf.
1101 5554 1266 5610 supra
1302 5552 1486 5600 notam
1535 5548 1600 5602 ad
1645 5564 1779 5618 xxn,
1816 5551 1870 5607 9.
1931 5548 2138 5602 Daiei«.
2245 5543 2322 5613 (cl)
2357 5540 2440 5604 S.,
2500 5554 2609 5593 non
2660 5534 3018 5591 retrocedam.
3127 5525 3451 5606 (elsstudia-

224 5602 281 5730 w
325 5599 402 5665 S..
442 5601 495 5658 io
529 5612 718 5658 tunam
756 5606 1047 5663 oculorum
1082 5617 1298 5667 tuorum
1341 5614 1394 5669 iu
1440 5619 1811 5686 percussione.
1917 5617 1992 5688 (q)
2038 5615 2123 5680 S.,
2164 5631 2340 5683 geme.
2373 5613 2501 5666 dum
2535 5609 2683 5670 siles,
2724 5617 2777 5661 et
2815 5607 3017 5660 luctum
3054 5602 3352 5670 humanum
3390 5609 3457 5648 ne

248 5671 650 5731 aciaszcoroua
711 5683 802 5732 tua
832 5675 935 5733 fult
992 5680 1166 5747 posita
1205 5685 1398 5744 tibi.ct
1450 5686 1704 5745 calceasti
1754 5688 1920 5761 pedes
1959 5697 2104 5752 tuoS,
2157 5692 2213 5739 et
2270 5698 2377 5739 uon
2427 5681 2686 5736 obvolvas
2744 5677 2887 5732 labia
2941 5685 3051 5738 tua,
3112 5679 3165 5725 et
3218 5680 3457 5723 coenam.

236 5763 303 5838 (ἡ)
327 5762 404 5840 S.,
426 5766 571 5827 labia
603 5776 695 5826 tua
727 5769 848 5841 (pro
872 5753 1025 5854 75³5,
1060 5780 1173 5840 tua,
1210 5756 1398 5854 μυξη,
1426 5788 1614 5848 vestra,
1643 5779 1934 5854 legendum
1973 5775 2157 5848 credo)
2190 5775 2511 5832 obvolvetis.
