<?xml version="1.0" encoding="UTF-8"?>
<!DOCTYPE html PUBLIC "-//W3C//DTD XHTML 1.0 Transitional//EN"
    "http://www.w3.org/TR/xhtml1/DTD/xhtml1-transitional.dtd">
<html xmlns="http://www.w3.org/1999/xhtml" xml:lang="en" lang="en">
 <head>
  <title>
</title>
<meta http-equiv="Content-Type" content="text/html;charset=utf-8" />
  <meta name='ocr-system' content='tesseract 3.04.00' />
  <meta name='ocr-capabilities' content='ocr_page ocr_carea ocr_par ocr_line ocrx_word'/>
</head>
<body>
  <div class='ocr_page' id='page_1' title='image "./patrologicursus115migngoog_0236.png"; bbox 0 0 3967 6217; ppageno 0'>
   <div class='ocr_carea' id='block_1_1' title="bbox 535 309 3747 368">
    <p class='ocr_par' dir='ltr' id='par_1_1' title="bbox 535 309 3747 368">
     <span class='ocr_line' id='line_1_1' title="bbox 535 309 3747 368; baseline 0.001 -3"><span class='ocrx_word' id='word_1_1' title='bbox 535 309 672 365; x_wconf 78' lang='lat'><strong>2771</strong></span> <span class='ocrx_word' id='word_1_2' title='bbox 3674 311 3747 368; x_wconf 61' lang='lat' dir='ltr'><strong><em>w</em></strong></span> 
     </span>
    </p>
   </div>
   <div class='ocr_carea' id='block_1_2' title="bbox 537 420 3773 769">
    <p class='ocr_par' dir='ltr' id='par_1_2' title="bbox 537 420 3773 769">
     <span class='ocr_line' id='line_1_2' title="bbox 610 420 3770 494; baseline -0.001 -12"><span class='ocrx_word' id='word_1_3' title='bbox 610 424 988 482; x_wconf 80' lang='lat' dir='ltr'><strong>omittendum</strong></span> <span class='ocrx_word' id='word_1_4' title='bbox 1010 439 1121 480; x_wconf 91' lang='lat' dir='ltr'><strong>non</strong></span> <span class='ocrx_word' id='word_1_5' title='bbox 1150 431 1253 486; x_wconf 89' lang='lat' dir='ltr'><strong>est,</strong></span> <span class='ocrx_word' id='word_1_6' title='bbox 1286 422 1340 476; x_wconf 90' lang='lat' dir='ltr'><strong>in</strong></span> <span class='ocrx_word' id='word_1_7' title='bbox 1384 423 1488 478; x_wconf 88' lang='lat' dir='ltr'><strong>hoc</strong></span> <span class='ocrx_word' id='word_1_8' title='bbox 1524 420 1724 478; x_wconf 77' lang='lat' dir='ltr'>Codice</span> <span class='ocrx_word' id='word_1_9' title='bbox 1776 422 2045 478; x_wconf 75' lang='lat' dir='ltr'><strong>contineri</strong></span> <span class='ocrx_word' id='word_1_10' title='bbox 2090 431 2285 492; x_wconf 82' lang='lat' dir='ltr'><strong>praeter</strong></span> <span class='ocrx_word' id='word_1_11' title='bbox 2328 437 2383 478; x_wconf 79' lang='lat' dir='ltr'><strong>tv</strong></span> <span class='ocrx_word' id='word_1_12' title='bbox 2418 423 2721 493; x_wconf 76' lang='lat' dir='ltr'><strong>Prophetas</strong></span> <span class='ocrx_word' id='word_1_13' title='bbox 2748 422 3045 494; x_wconf 79' lang='lat' dir='ltr'><strong>majores,</strong></span> <span class='ocrx_word' id='word_1_14' title='bbox 3078 429 3145 478; x_wconf 86' lang='lat' dir='ltr'><strong>ut</strong></span> <span class='ocrx_word' id='word_1_15' title='bbox 3184 429 3416 488; x_wconf 79' lang='lat' dir='ltr'><strong>vocant,</strong></span> <span class='ocrx_word' id='word_1_16' title='bbox 3450 435 3481 476; x_wconf 87' lang='lat' dir='ltr'><strong>a</strong></span> <span class='ocrx_word' id='word_1_17' title='bbox 3520 420 3604 477; x_wconf 80' lang='lat' dir='ltr'><strong>tot.</strong></span> <span class='ocrx_word' id='word_1_18' title='bbox 3638 423 3710 479; x_wconf 63' lang='grc' dir='ltr'><strong>ΗΞ</strong></span> <span class='ocrx_word' id='word_1_19' title='bbox 3731 440 3770 482; x_wconf 66' lang='lat' dir='ltr'><strong>aa</strong></span> 
     </span>
     <span class='ocr_line' id='line_1_3' title="bbox 538 489 3772 573; baseline -0.002 -18"><span class='ocrx_word' id='word_1_20' title='bbox 538 499 637 555; x_wconf 74' lang='lat' dir='ltr'><strong>iol.</strong></span> <span class='ocrx_word' id='word_1_21' title='bbox 670 495 790 550; x_wconf 84' lang='grc'><strong>188.</strong></span> <span class='ocrx_word' id='word_1_22' title='bbox 821 496 985 551; x_wconf 81' lang='lat' dir='ltr'><strong>breve</strong></span> <span class='ocrx_word' id='word_1_23' title='bbox 1001 491 1462 550; x_wconf 81' lang='lat' dir='ltr'><strong>commentarium</strong></span> <span class='ocrx_word' id='word_1_24' title='bbox 1499 492 1556 546; x_wconf 90' lang='lat' dir='ltr'><strong>in</strong></span> <span class='ocrx_word' id='word_1_25' title='bbox 1583 493 1857 549; x_wconf 88' lang='lat' dir='ltr'><strong>somnium</strong></span> <span class='ocrx_word' id='word_1_26' title='bbox 1915 491 2415 548; x_wconf 79' lang='lat' dir='ltr'><strong>Nabuchodonosor</strong></span> <span class='ocrx_word' id='word_1_27' title='bbox 2440 509 2469 547; x_wconf 90' lang='lat' dir='ltr'><strong>a</strong></span> <span class='ocrx_word' id='word_1_28' title='bbox 2502 494 2562 548; x_wconf 85' lang='lat' dir='ltr'><strong>S.</strong></span> <span class='ocrx_word' id='word_1_29' title='bbox 2591 493 2781 564; x_wconf 77' lang='lat' dir='ltr'><strong>Hippoi</strong></span> <span class='ocrx_word' id='word_1_30' title='bbox 2827 503 2891 548; x_wconf 72' lang='lat' dir='ltr'><strong>to</strong></span> <span class='ocrx_word' id='word_1_31' title='bbox 2949 492 3220 564; x_wconf 74' lang='lat' dir='ltr'><strong>Martyre</strong></span> <span class='ocrx_word' id='word_1_32' title='bbox 3266 493 3531 573; x_wconf 77' lang='lat' dir='ltr'><strong>episeopo</strong></span> <span class='ocrx_word' id='word_1_33' title='bbox 3564 489 3772 551; x_wconf 68' lang='lat' dir='ltr'><strong>Portumsi</strong></span> 
     </span>
     <span class='ocr_line' id='line_1_4' title="bbox 537 560 3773 636; baseline -0.002 -13"><span class='ocrx_word' id='word_1_34' title='bbox 537 566 928 636; x_wconf 84' lang='lat' dir='ltr'><strong>compositum,</strong></span> <span class='ocrx_word' id='word_1_35' title='bbox 961 566 1119 635; x_wconf 82' lang='lat' dir='ltr'><strong>cujus</strong></span> <span class='ocrx_word' id='word_1_36' title='bbox 1158 563 1399 617; x_wconf 89' lang='lat' dir='ltr'><strong>meminit</strong></span> <span class='ocrx_word' id='word_1_37' title='bbox 1423 562 1787 633; x_wconf 77' lang='lat' dir='ltr'><strong>Hieronymus</strong></span> <span class='ocrx_word' id='word_1_38' title='bbox 1823 566 1875 618; x_wconf 90' lang='lat' dir='ltr'><strong>in</strong></span> <span class='ocrx_word' id='word_1_39' title='bbox 1909 563 2005 617; x_wconf 87' lang='lat' dir='ltr'><strong>lib.</strong></span> <span class='ocrx_word' id='word_1_40' title='bbox 2032 561 2235 630; x_wconf 85' lang='lat' dir='ltr'><strong>Seript.</strong></span> <span class='ocrx_word' id='word_1_41' title='bbox 2277 564 2579 619; x_wconf 74' lang='lat' dir='ltr'><strong>ecclesiast.</strong></span> <span class='ocrx_word' id='word_1_42' title='bbox 2601 605 2616 629; x_wconf 90' lang='lat'>‚</span> <span class='ocrx_word' id='word_1_43' title='bbox 2647 561 2790 619; x_wconf 87' lang='lat' dir='ltr'><strong>Ense</strong></span> <span class='ocrx_word' id='word_1_44' title='bbox 2831 564 2936 619; x_wconf 87' lang='lat' dir='ltr'><strong>ius</strong></span> <span class='ocrx_word' id='word_1_45' title='bbox 2971 562 3118 618; x_wconf 86' lang='lat' dir='ltr'><strong>item</strong></span> <span class='ocrx_word' id='word_1_46' title='bbox 3150 569 3212 614; x_wconf 89' lang='lat' dir='ltr'><strong>et</strong></span> <span class='ocrx_word' id='word_1_47' title='bbox 3236 561 3375 624; x_wconf 74' lang='lat' dir='ltr'><strong>alii3</strong></span> <span class='ocrx_word' id='word_1_48' title='bbox 3403 560 3533 616; x_wconf 71' lang='lat' dir='ltr'><strong>dicu</strong></span> <span class='ocrx_word' id='word_1_49' title='bbox 3559 564 3773 617; x_wconf 72' lang='lat' dir='ltr'><strong>enunllie·</strong></span> 
     </span>
     <span class='ocr_line' id='line_1_5' title="bbox 540 632 3772 717; baseline -0.002 -23"><span class='ocrx_word' id='word_1_50' title='bbox 540 651 806 708; x_wconf 86' lang='lat' dir='ltr'><strong>ronymus</strong></span> <span class='ocrx_word' id='word_1_51' title='bbox 831 634 1194 717; x_wconf 75' lang='lat' dir='ltr'><strong>Hippolytum,</strong></span> <span class='ocrx_word' id='word_1_52' title='bbox 1224 640 1419 700; x_wconf 77' lang='lat' dir='ltr'><strong>pra-tei·</strong></span> <span class='ocrx_word' id='word_1_53' title='bbox 1458 632 1566 688; x_wconf 86' lang='lat' dir='ltr'><strong>alia</strong></span> <span class='ocrx_word' id='word_1_54' title='bbox 1598 633 1789 694; x_wconf 83' lang='lat' dir='ltr'><strong>multa.</strong></span> <span class='ocrx_word' id='word_1_55' title='bbox 1844 633 2132 702; x_wconf 80' lang='lat' dir='ltr'><strong>scripsisse</strong></span> <span class='ocrx_word' id='word_1_56' title='bbox 2160 632 2213 686; x_wconf 90' lang='lat' dir='ltr'><strong>in</strong></span> <span class='ocrx_word' id='word_1_57' title='bbox 2261 632 2559 688; x_wconf 77' lang='lat' dir='ltr'><strong>Danielem.</strong></span> <span class='ocrx_word' id='word_1_58' title='bbox 2615 632 2727 689; x_wconf 79' lang='lat' dir='ltr'><strong>Hoc</strong></span> <span class='ocrx_word' id='word_1_59' title='bbox 2759 647 2915 704; x_wconf 83' lang='lat' dir='ltr'><strong>opus</strong></span> <span class='ocrx_word' id='word_1_60' title='bbox 2955 633 3021 689; x_wconf 84' lang='lat' dir='ltr'><strong>iu</strong></span> <span class='ocrx_word' id='word_1_61' title='bbox 3052 632 3253 689; x_wconf 86' lang='lat' dir='ltr'><strong>lucem</strong></span> <span class='ocrx_word' id='word_1_62' title='bbox 3290 632 3405 687; x_wconf 85' lang='lat' dir='ltr'><strong>hue</strong></span> <span class='ocrx_word' id='word_1_63' title='bbox 3430 646 3599 698; x_wconf 81' lang='lat' dir='ltr'><strong>usque</strong></span> <span class='ocrx_word' id='word_1_64' title='bbox 3641 635 3772 690; x_wconf 75' lang='lat' dir='ltr'><strong>editum</strong></span> 
     </span>
     <span class='ocr_line' id='line_1_6' title="bbox 539 699 1859 769; baseline -0.005 -7"><span class='ocrx_word' id='word_1_65' title='bbox 539 721 651 762; x_wconf 89' lang='lat' dir='ltr'><strong>non</strong></span> <span class='ocrx_word' id='word_1_66' title='bbox 681 704 804 769; x_wconf 81' lang='lat' dir='ltr'><strong>suit,</strong></span> <span class='ocrx_word' id='word_1_67' title='bbox 832 721 922 760; x_wconf 86' lang='lat' dir='ltr'><strong>cut</strong></span> <span class='ocrx_word' id='word_1_68' title='bbox 953 705 1128 759; x_wconf 90' lang='lat' dir='ltr'><strong>simile</strong></span> <span class='ocrx_word' id='word_1_69' title='bbox 1157 703 1212 758; x_wconf 92' lang='lat' dir='ltr'><strong>in</strong></span> <span class='ocrx_word' id='word_1_70' title='bbox 1239 699 1500 758; x_wconf 77' lang='lat' dir='ltr'><strong>Vaticana</strong></span> <span class='ocrx_word' id='word_1_71' title='bbox 1528 712 1859 757; x_wconf 75' lang='lat' dir='ltr'><strong>asservatur.</strong></span> 
     </span>
    </p>
   </div>
   <div class='ocr_carea' id='block_1_3' title="bbox 540 768 3762 916">
    <p class='ocr_par' dir='ltr' id='par_1_3' title="bbox 540 768 3762 916">
     <span class='ocr_line' id='line_1_7' title="bbox 613 768 3762 844; baseline -0.001 -16"><span class='ocrx_word' id='word_1_72' title='bbox 613 775 856 842; x_wconf 82' lang='lat' dir='ltr'><strong>Denique</strong></span> <span class='ocrx_word' id='word_1_73' title='bbox 892 788 1070 843; x_wconf 85' lang='lat' dir='ltr'><strong>operae</strong></span> <span class='ocrx_word' id='word_1_74' title='bbox 1097 772 1329 844; x_wconf 88' lang='lat' dir='ltr'><strong>pretium</strong></span> <span class='ocrx_word' id='word_1_75' title='bbox 1362 772 1479 827; x_wconf 80' lang='lat' dir='ltr'><strong>sore</strong></span> <span class='ocrx_word' id='word_1_76' title='bbox 1505 781 1776 840; x_wconf 86' lang='lat' dir='ltr'><strong>putarem,</strong></span> <span class='ocrx_word' id='word_1_77' title='bbox 1808 774 1952 828; x_wconf 90' lang='lat' dir='ltr'><strong>hune</strong></span> <span class='ocrx_word' id='word_1_78' title='bbox 1990 771 2246 832; x_wconf 89' lang='lat' dir='ltr'><strong>Codicem</strong></span> <span class='ocrx_word' id='word_1_79' title='bbox 2279 772 2420 844; x_wconf 86' lang='lat' dir='ltr'><strong>typis</strong></span> <span class='ocrx_word' id='word_1_80' title='bbox 2446 772 2717 838; x_wconf 83' lang='lat' dir='ltr'><strong>mandari,</strong></span> <span class='ocrx_word' id='word_1_81' title='bbox 2748 772 3018 828; x_wconf 79' lang='lat' dir='ltr'><strong>adbibita</strong></span> <span class='ocrx_word' id='word_1_82' title='bbox 3046 769 3544 844; x_wconf 70' lang='lat' dir='ltr'><strong>peritissimorum</strong></span> <span class='ocrx_word' id='word_1_83' title='bbox 3567 768 3762 826; x_wconf 76' lang='lat' dir='ltr'><strong>industria</strong></span> 
     </span>
     <span class='ocr_line' id='line_1_8' title="bbox 540 841 2693 916; baseline -0.002 -16"><span class='ocrx_word' id='word_1_84' title='bbox 540 861 664 916; x_wconf 84' lang='lat' dir='ltr'><strong>quae</strong></span> <span class='ocrx_word' id='word_1_85' title='bbox 684 843 909 900; x_wconf 89' lang='lat' dir='ltr'><strong>omnino</strong></span> <span class='ocrx_word' id='word_1_86' title='bbox 936 842 1248 899; x_wconf 85' lang='lat' dir='ltr'><strong>necessaria</strong></span> <span class='ocrx_word' id='word_1_87' title='bbox 1277 855 1401 897; x_wconf 89' lang='lat' dir='ltr'><strong>esse</strong></span> <span class='ocrx_word' id='word_1_88' title='bbox 1435 842 1647 897; x_wconf 79' lang='lat' dir='ltr'><strong>videtur</strong></span> <span class='ocrx_word' id='word_1_89' title='bbox 1671 842 1740 896; x_wconf 90' lang='lat' dir='ltr'><strong>ad</strong></span> <span class='ocrx_word' id='word_1_90' title='bbox 1772 841 2207 901; x_wconf 77' lang='lat' dir='ltr'><strong>emendationem</strong></span> <span class='ocrx_word' id='word_1_91' title='bbox 2237 853 2294 899; x_wconf 91' lang='lat' dir='ltr'><strong>et</strong></span> <span class='ocrx_word' id='word_1_92' title='bbox 2324 842 2693 898; x_wconf 88' lang='lat' dir='ltr'><strong>collationem.</strong></span> 
     </span>
    </p>
   </div>
   <div class='ocr_carea' id='block_1_4' title="bbox 1178 958 3133 1136">
    <p class='ocr_par' dir='ltr' id='par_1_4' title="bbox 1178 958 3133 1136">
     <span class='ocr_line' id='line_1_9' title="bbox 1178 958 3133 1044; baseline 0.004 -31"><span class='ocrx_word' id='word_1_93' title='bbox 1178 1033 1190 1044; x_wconf 36' lang='grc' dir='ltr'>ι</span> <span class='ocrx_word' id='word_1_94' title='bbox 1246 959 1362 1014; x_wconf 82' lang='lat' dir='ltr'><strong>Huc</strong></span> <span class='ocrx_word' id='word_1_95' title='bbox 1405 974 1568 1030; x_wconf 80' lang='lat' dir='ltr'><strong>usque</strong></span> <span class='ocrx_word' id='word_1_96' title='bbox 1610 958 1932 1015; x_wconf 79' lang='lat' dir='ltr'><strong>Testimonia</strong></span> <span class='ocrx_word' id='word_1_97' title='bbox 1970 962 2023 1017; x_wconf 75' lang='lat' dir='ltr'><strong>in</strong></span> <span class='ocrx_word' id='word_1_98' title='bbox 2062 964 2174 1034; x_wconf 84' lang='lat' dir='ltr'><strong>ipso</strong></span> <span class='ocrx_word' id='word_1_99' title='bbox 2209 962 2400 1019; x_wconf 81' lang='lat' dir='ltr'><strong>Codice</strong></span> <span class='ocrx_word' id='word_1_100' title='bbox 2438 961 2693 1019; x_wconf 73' lang='lat' dir='ltr'><strong>chisiano</strong></span> <span class='ocrx_word' id='word_1_101' title='bbox 2726 975 3133 1021; x_wconf 72' lang='lat' dir='ltr'><strong>asservantur.</strong></span> 
     </span>
     <span class='ocr_line' id='line_1_10' title="bbox 1601 1074 2753 1136; baseline 0.006 -7"><span class='ocrx_word' id='word_1_102' title='bbox 1601 1075 1663 1131; x_wconf 90' lang='lat' dir='ltr'><strong>D.</strong></span> <span class='ocrx_word' id='word_1_103' title='bbox 1731 1074 2126 1133; x_wconf 74' lang='lat' dir='ltr'><strong>JoANMs</strong></span> <span class='ocrx_word' id='word_1_104' title='bbox 2190 1078 2753 1136; x_wconf 80' lang='lat' dir='ltr'><strong>MABlLLONlt</strong></span> 
     </span>
    </p>
   </div>
   <div class='ocr_carea' id='block_1_5' title="bbox 1833 1194 2503 1267">
    <p class='ocr_par' dir='ltr' id='par_1_5' title="bbox 1833 1194 2503 1267">
     <span class='ocr_line' id='line_1_11' title="bbox 1833 1194 2503 1267; baseline 0.006 -20"><span class='ocrx_word' id='word_1_105' title='bbox 1833 1194 1939 1249; x_wconf 90' lang='lat' dir='ltr'><strong>lter</strong></span> <span class='ocrx_word' id='word_1_106' title='bbox 1965 1194 2232 1262; x_wconf 80' lang='lat' dir='ltr'><strong>italicum,</strong></span> <span class='ocrx_word' id='word_1_107' title='bbox 2262 1211 2383 1267; x_wconf 80' lang='lat' dir='ltr'><strong>pag.</strong></span> <span class='ocrx_word' id='word_1_108' title='bbox 2414 1196 2503 1251; x_wconf 72' lang='lat'><strong>92.</strong></span> 
     </span>
    </p>
   </div>
   <div class='ocr_carea' id='block_1_6' title="bbox 537 1306 3773 1797">
    <p class='ocr_par' dir='ltr' id='par_1_6' title="bbox 537 1306 3773 1797">
     <span class='ocr_line' id='line_1_12' title="bbox 608 1306 3768 1380; baseline -0.002 -15"><span class='ocrx_word' id='word_1_109' title='bbox 608 1308 877 1366; x_wconf 87' lang='lat' dir='ltr'><strong>Omnibus</strong></span> <span class='ocrx_word' id='word_1_110' title='bbox 898 1316 1118 1378; x_wconf 72' lang='lat' dir='ltr'><strong>praestat</strong></span> <span class='ocrx_word' id='word_1_111' title='bbox 1146 1307 1328 1364; x_wconf 83' lang='lat' dir='ltr'><strong>Codex</strong></span> <span class='ocrx_word' id='word_1_112' title='bbox 1362 1306 1584 1364; x_wconf 88' lang='lat' dir='ltr'><strong>Graecus</strong></span> <span class='ocrx_word' id='word_1_113' title='bbox 1623 1306 1850 1378; x_wconf 80' lang='lat' dir='ltr'><strong>insignis</strong></span> <span class='ocrx_word' id='word_1_114' title='bbox 1897 1309 1967 1364; x_wconf 90' lang='lat' dir='ltr'><strong>ab</strong></span> <span class='ocrx_word' id='word_1_115' title='bbox 2018 1309 2176 1364; x_wconf 86' lang='lat' dir='ltr'><strong>annis</strong></span> <span class='ocrx_word' id='word_1_116' title='bbox 2226 1308 2511 1363; x_wconf 82' lang='lat' dir='ltr'><strong>minimum</strong></span> <span class='ocrx_word' id='word_1_117' title='bbox 2573 1309 2897 1380; x_wconf 79' lang='lat' dir='ltr'><strong>octingentis</strong></span> <span class='ocrx_word' id='word_1_118' title='bbox 2956 1309 3257 1377; x_wconf 80' lang='lat' dir='ltr'><strong>scriptus,</strong></span> <span class='ocrx_word' id='word_1_119' title='bbox 3304 1306 3597 1363; x_wconf 82' lang='lat' dir='ltr'><strong>continens</strong></span> <span class='ocrx_word' id='word_1_120' title='bbox 3620 1313 3768 1374; x_wconf 75' lang='lat' dir='ltr'><strong>quatur</strong></span> 
     </span>
     <span class='ocr_line' id='line_1_13' title="bbox 537 1374 3769 1450; baseline -0.002 -15"><span class='ocrx_word' id='word_1_121' title='bbox 537 1379 841 1450; x_wconf 84' lang='lat' dir='ltr'><strong>Prophetas</strong></span> <span class='ocrx_word' id='word_1_122' title='bbox 866 1381 1123 1449; x_wconf 85' lang='lat' dir='ltr'><strong>majores,</strong></span> <span class='ocrx_word' id='word_1_123' title='bbox 1152 1379 1280 1432; x_wconf 90' lang='lat' dir='ltr'><strong>item</strong></span> <span class='ocrx_word' id='word_1_124' title='bbox 1313 1378 1476 1432; x_wconf 85' lang='lat' dir='ltr'><strong>breve</strong></span> <span class='ocrx_word' id='word_1_125' title='bbox 1499 1378 1965 1433; x_wconf 75' lang='lat' dir='ltr'><strong>commentarium</strong></span> <span class='ocrx_word' id='word_1_126' title='bbox 1994 1379 2046 1432; x_wconf 90' lang='lat' dir='ltr'><strong>in</strong></span> <span class='ocrx_word' id='word_1_127' title='bbox 2077 1379 2348 1434; x_wconf 85' lang='lat' dir='ltr'><strong>somnium</strong></span> <span class='ocrx_word' id='word_1_128' title='bbox 2379 1377 2937 1435; x_wconf 84' lang='lat' dir='ltr'><strong>Nabuchodonosoris</strong></span> <span class='ocrx_word' id='word_1_129' title='bbox 2970 1394 3007 1433; x_wconf 81' lang='lat' dir='ltr'><strong>a</strong></span> <span class='ocrx_word' id='word_1_130' title='bbox 3041 1386 3261 1433; x_wconf 84' lang='lat' dir='ltr'><strong>sancto</strong></span> <span class='ocrx_word' id='word_1_131' title='bbox 3298 1376 3596 1448; x_wconf 80' lang='lat' dir='ltr'><strong>Hippolyto</strong></span> <span class='ocrx_word' id='word_1_132' title='bbox 3623 1374 3769 1442; x_wconf 59' lang='lat' dir='ltr'><strong>Badra</strong></span> 
     </span>
     <span class='ocr_line' id='line_1_14' title="bbox 539 1445 3771 1519; baseline -0.002 -15"><span class='ocrx_word' id='word_1_133' title='bbox 539 1458 595 1505; x_wconf 88' lang='lat' dir='ltr'><strong>et</strong></span> <span class='ocrx_word' id='word_1_134' title='bbox 636 1449 893 1518; x_wconf 86' lang='lat' dir='ltr'><strong>episcopo</strong></span> <span class='ocrx_word' id='word_1_135' title='bbox 937 1448 1324 1516; x_wconf 85' lang='lat' dir='ltr'><strong>compositum,</strong></span> <span class='ocrx_word' id='word_1_136' title='bbox 1382 1447 1541 1516; x_wconf 76' lang='lat' dir='ltr'><strong>cuius</strong></span> <span class='ocrx_word' id='word_1_137' title='bbox 1595 1449 1840 1502; x_wconf 86' lang='lat' dir='ltr'><strong>meminit</strong></span> <span class='ocrx_word' id='word_1_138' title='bbox 1870 1447 2158 1510; x_wconf 84' lang='lat' dir='ltr'><strong>Eusebius,</strong></span> <span class='ocrx_word' id='word_1_139' title='bbox 2184 1458 2238 1503; x_wconf 90' lang='lat' dir='ltr'><strong>et</strong></span> <span class='ocrx_word' id='word_1_140' title='bbox 2270 1456 2391 1518; x_wconf 89' lang='lat' dir='ltr'><strong>post</strong></span> <span class='ocrx_word' id='word_1_141' title='bbox 2415 1464 2538 1504; x_wconf 90' lang='lat' dir='ltr'><strong>eum</strong></span> <span class='ocrx_word' id='word_1_142' title='bbox 2585 1448 2954 1519; x_wconf 78' lang='lat' dir='ltr'><strong>llieronymus</strong></span> <span class='ocrx_word' id='word_1_143' title='bbox 2992 1448 3249 1518; x_wconf 79' lang='lat' dir='ltr'><strong>aliique.</strong></span> <span class='ocrx_word' id='word_1_144' title='bbox 3287 1445 3400 1502; x_wconf 80' lang='lat' dir='ltr'><strong>Hie</strong></span> <span class='ocrx_word' id='word_1_145' title='bbox 3443 1445 3619 1501; x_wconf 83' lang='lat' dir='ltr'><strong>Codex</strong></span> <span class='ocrx_word' id='word_1_146' title='bbox 3642 1445 3771 1498; x_wconf 77' lang='lat' dir='ltr'><strong>videtu</strong></span> 
     </span>
     <span class='ocr_line' id='line_1_15' title="bbox 539 1511 3768 1589; baseline -0.002 -16"><span class='ocrx_word' id='word_1_147' title='bbox 539 1534 608 1573; x_wconf 75' lang='lat' dir='ltr'><strong>ex</strong></span> <span class='ocrx_word' id='word_1_148' title='bbox 643 1519 888 1589; x_wconf 73' lang='lat' dir='ltr'><strong>ipsismet</strong></span> <span class='ocrx_word' id='word_1_149' title='bbox 909 1516 1160 1586; x_wconf 84' lang='lat' dir='ltr'><strong>Origenis</strong></span> <span class='ocrx_word' id='word_1_150' title='bbox 1181 1516 1330 1570; x_wconf 82' lang='lat' dir='ltr'><strong>llexa</strong></span> <span class='ocrx_word' id='word_1_151' title='bbox 1373 1516 1438 1570; x_wconf 90' lang='lat' dir='ltr'><strong>lis</strong></span> <span class='ocrx_word' id='word_1_152' title='bbox 1464 1525 1773 1586; x_wconf 86' lang='lat' dir='ltr'><strong>excerptus,</strong></span> <span class='ocrx_word' id='word_1_153' title='bbox 1804 1518 1879 1573; x_wconf 87' lang='lat' dir='ltr'><strong>uti</strong></span> <span class='ocrx_word' id='word_1_154' title='bbox 1917 1519 2120 1572; x_wconf 82' lang='lat' dir='ltr'><strong>diserte</strong></span> <span class='ocrx_word' id='word_1_155' title='bbox 2149 1520 2341 1587; x_wconf 82' lang='lat' dir='ltr'><strong>legitur</strong></span> <span class='ocrx_word' id='word_1_156' title='bbox 2372 1517 2465 1572; x_wconf 81' lang='lat' dir='ltr'><strong>sol.</strong></span> <span class='ocrx_word' id='word_1_157' title='bbox 2494 1517 2598 1574; x_wconf 80' lang='grc'><strong>150</strong></span> <span class='ocrx_word' id='word_1_158' title='bbox 2632 1526 2800 1582; x_wconf 88' lang='lat' dir='ltr'><strong>recto,</strong></span> <span class='ocrx_word' id='word_1_159' title='bbox 2842 1519 2976 1573; x_wconf 84' lang='lat' dir='ltr'><strong>item</strong></span> <span class='ocrx_word' id='word_1_160' title='bbox 3016 1519 3128 1573; x_wconf 79' lang='lat' dir='ltr'><strong>tol.</strong></span> <span class='ocrx_word' id='word_1_161' title='bbox 3169 1516 3323 1582; x_wconf 79' lang='lat'><strong>¹35,</strong></span> <span class='ocrx_word' id='word_1_162' title='bbox 3376 1514 3520 1585; x_wconf 79' lang='grc'><strong>167,</strong></span> <span class='ocrx_word' id='word_1_163' title='bbox 3553 1525 3605 1569; x_wconf 87' lang='lat' dir='ltr'><strong>et</strong></span> <span class='ocrx_word' id='word_1_164' title='bbox 3625 1511 3768 1566; x_wconf 63' lang='lat' dir='ltr'><strong>totaz</strong></span> 
     </span>
     <span class='ocr_line' id='line_1_16' title="bbox 542 1583 3767 1668; baseline -0.001 -28"><span class='ocrx_word' id='word_1_165' title='bbox 542 1602 723 1650; x_wconf 85' lang='lat' dir='ltr'><strong>verso,</strong></span> <span class='ocrx_word' id='word_1_166' title='bbox 755 1595 814 1642; x_wconf 92' lang='lat' dir='ltr'><strong>ut</strong></span> <span class='ocrx_word' id='word_1_167' title='bbox 852 1585 1163 1642; x_wconf 81' lang='lat' dir='ltr'><strong>Holstenius</strong></span> <span class='ocrx_word' id='word_1_168' title='bbox 1187 1586 1280 1668; x_wconf 83' lang='lat' dir='ltr'><strong>qui</strong></span> <span class='ocrx_word' id='word_1_169' title='bbox 1358 1587 1566 1642; x_wconf 88' lang='lat' dir='ltr'><strong>odicem</strong></span> <span class='ocrx_word' id='word_1_170' title='bbox 1597 1587 1805 1642; x_wconf 85' lang='lat' dir='ltr'><strong>viderat</strong></span> <span class='ocrx_word' id='word_1_171' title='bbox 1832 1597 1886 1642; x_wconf 87' lang='lat' dir='ltr'><strong>et</strong></span> <span class='ocrx_word' id='word_1_172' title='bbox 1919 1586 2030 1642; x_wconf 82' lang='lat' dir='ltr'><strong>sere</strong></span> <span class='ocrx_word' id='word_1_173' title='bbox 2071 1587 2148 1641; x_wconf 91' lang='lat' dir='ltr'><strong>int</strong></span> <span class='ocrx_word' id='word_1_174' title='bbox 2218 1604 2337 1643; x_wconf 90' lang='lat' dir='ltr'><strong>rum</strong></span> <span class='ocrx_word' id='word_1_175' title='bbox 2390 1587 2755 1657; x_wconf 82' lang='lat' dir='ltr'><strong>descripserat</strong></span> <span class='ocrx_word' id='word_1_176' title='bbox 2780 1589 3144 1644; x_wconf 77' lang='lat' dir='ltr'><strong>observavit.</strong></span> <span class='ocrx_word' id='word_1_177' title='bbox 3190 1586 3460 1657; x_wconf 75' lang='lat' dir='ltr'><strong>Appositi</strong></span> <span class='ocrx_word' id='word_1_178' title='bbox 3495 1590 3618 1640; x_wconf 86' lang='lat' dir='ltr'><strong>sunt</strong></span> <span class='ocrx_word' id='word_1_179' title='bbox 3644 1583 3767 1652; x_wconf 64' lang='lat' dir='ltr'><strong>passis</strong></span> 
     </span>
     <span class='ocr_line' id='line_1_17' title="bbox 542 1602 3773 1727; baseline -0.002 -16"><span class='ocrx_word' id='word_1_180' title='bbox 542 1656 790 1713; x_wconf 84' lang='lat' dir='ltr'><strong>asterisci</strong></span> <span class='ocrx_word' id='word_1_181' title='bbox 838 1666 892 1711; x_wconf 89' lang='lat' dir='ltr'><strong>et</strong></span> <span class='ocrx_word' id='word_1_182' title='bbox 923 1656 1084 1711; x_wconf 90' lang='lat' dir='ltr'><strong>obeli.</strong></span> <span class='ocrx_word' id='word_1_183' title='bbox 1121 1656 1258 1721; x_wconf 74' lang='lat' dir='ltr'><strong>Huic</strong></span> <span class='ocrx_word' id='word_1_184' title='bbox 1292 1657 1485 1712; x_wconf 86' lang='lat' dir='ltr'><strong>similis</strong></span> <span class='ocrx_word' id='word_1_185' title='bbox 1508 1667 1594 1712; x_wconf 87' lang='lat' dir='ltr'><strong>est</strong></span> <span class='ocrx_word' id='word_1_186' title='bbox 1619 1657 1755 1711; x_wconf 88' lang='lat' dir='ltr'><strong>alter</strong></span> <span class='ocrx_word' id='word_1_187' title='bbox 1788 1657 1969 1712; x_wconf 82' lang='lat' dir='ltr'><strong>Codex</strong></span> <span class='ocrx_word' id='word_1_188' title='bbox 2001 1657 2055 1710; x_wconf 91' lang='lat' dir='ltr'><strong>in</strong></span> <span class='ocrx_word' id='word_1_189' title='bbox 2090 1602 2423 1712; x_wconf 52' lang='lat' dir='ltr'><strong>Biffiiothcea</strong></span> <span class='ocrx_word' id='word_1_190' title='bbox 2456 1656 2739 1713; x_wconf 82' lang='lat' dir='ltr'><strong>Vaticana.</strong></span> <span class='ocrx_word' id='word_1_191' title='bbox 2768 1657 3027 1727; x_wconf 83' lang='lat' dir='ltr'><strong>Denique</strong></span> <span class='ocrx_word' id='word_1_192' title='bbox 3064 1661 3127 1712; x_wconf 88' lang='lat' dir='ltr'><strong>ln</strong></span> <span class='ocrx_word' id='word_1_193' title='bbox 3168 1659 3292 1712; x_wconf 82' lang='lat' dir='ltr'><strong>tine</strong></span> <span class='ocrx_word' id='word_1_194' title='bbox 3333 1655 3493 1711; x_wconf 80' lang='lat' dir='ltr'><strong>lsaiae</strong></span> <span class='ocrx_word' id='word_1_195' title='bbox 3515 1657 3773 1723; x_wconf 73' lang='lat' dir='ltr'><strong>apponuntur</strong></span> 
     </span>
     <span class='ocr_line' id='line_1_18' title="bbox 543 1721 3771 1797; baseline -0.001 -17"><span class='ocrx_word' id='word_1_196' title='bbox 543 1724 767 1797; x_wconf 72' lang='lat' dir='ltr'><strong>(puidam</strong></span> <span class='ocrx_word' id='word_1_197' title='bbox 823 1728 1033 1781; x_wconf 90' lang='lat' dir='ltr'><strong>numeri</strong></span> <span class='ocrx_word' id='word_1_198' title='bbox 1085 1726 1283 1796; x_wconf 87' lang='lat' dir='ltr'><strong>quibus</strong></span> <span class='ocrx_word' id='word_1_199' title='bbox 1336 1732 1548 1794; x_wconf 87' lang='lat' dir='ltr'><strong>tempus</strong></span> <span class='ocrx_word' id='word_1_200' title='bbox 1596 1741 1689 1780; x_wconf 84' lang='lat' dir='ltr'><strong>seu</strong></span> <span class='ocrx_word' id='word_1_201' title='bbox 1739 1741 1939 1781; x_wconf 87' lang='lat' dir='ltr'><strong>annum</strong></span> <span class='ocrx_word' id='word_1_202' title='bbox 1994 1727 2180 1796; x_wconf 89' lang='lat' dir='ltr'><strong>scripti</strong></span> <span class='ocrx_word' id='word_1_203' title='bbox 2229 1726 2448 1781; x_wconf 89' lang='lat' dir='ltr'><strong>Codicis</strong></span> <span class='ocrx_word' id='word_1_204' title='bbox 2496 1726 2765 1796; x_wconf 80' lang='lat' dir='ltr'><strong>designari</strong></span> <span class='ocrx_word' id='word_1_205' title='bbox 2818 1727 3054 1795; x_wconf 77' lang='lat' dir='ltr'><strong>qnidam</strong></span> <span class='ocrx_word' id='word_1_206' title='bbox 3102 1728 3183 1782; x_wconf 85' lang='lat' dir='ltr'><strong>ab</strong></span> <span class='ocrx_word' id='word_1_207' title='bbox 3243 1725 3566 1781; x_wconf 72' lang='lat' dir='ltr'><strong>Alexandro</strong></span> <span class='ocrx_word' id='word_1_208' title='bbox 3598 1721 3771 1776; x_wconf 70' lang='lat' dir='ltr'><strong>vlico·-</strong></span> 
     </span>
    </p>
   </div>
   <div class='ocr_carea' id='block_1_7' title="bbox 543 1790 3769 1938">
    <p class='ocr_par' dir='ltr' id='par_1_7' title="bbox 543 1790 3769 1938">
     <span class='ocr_line' id='line_1_19' title="bbox 544 1790 3769 1867; baseline -0.002 -17"><span class='ocrx_word' id='word_1_209' title='bbox 544 1795 672 1855; x_wconf 80' lang='lat' dir='ltr'><strong>sulti</strong></span> <span class='ocrx_word' id='word_1_210' title='bbox 703 1796 1104 1852; x_wconf 83' lang='lat' dir='ltr'><strong>existimarunt.</strong></span> <span class='ocrx_word' id='word_1_211' title='bbox 1140 1797 1210 1850; x_wconf 85' lang='lat' dir='ltr'><strong>At</strong></span> <span class='ocrx_word' id='word_1_212' title='bbox 1239 1811 1523 1851; x_wconf 88' lang='lat' dir='ltr'><strong>numerum</strong></span> <span class='ocrx_word' id='word_1_213' title='bbox 1553 1811 1810 1851; x_wconf 83' lang='lat' dir='ltr'><strong>versuum</strong></span> <span class='ocrx_word' id='word_1_214' title='bbox 1843 1797 1927 1851; x_wconf 89' lang='lat' dir='ltr'><strong>his</strong></span> <span class='ocrx_word' id='word_1_215' title='bbox 1959 1796 2106 1851; x_wconf 86' lang='lat' dir='ltr'><strong>notis</strong></span> <span class='ocrx_word' id='word_1_216' title='bbox 2134 1796 2429 1867; x_wconf 73' lang='lat' dir='ltr'><strong>significari</strong></span> <span class='ocrx_word' id='word_1_217' title='bbox 2457 1812 2565 1853; x_wconf 88' lang='lat' dir='ltr'><strong>non</strong></span> <span class='ocrx_word' id='word_1_218' title='bbox 2593 1797 2912 1853; x_wconf 84' lang='lat' dir='ltr'><strong>dubitamus</strong></span> <span class='ocrx_word' id='word_1_219' title='bbox 2944 1795 3239 1854; x_wconf 67' lang='lat' dir='ltr'><strong>ucALtc</strong></span> <span class='ocrx_word' id='word_1_220' title='bbox 3280 1796 3425 1852; x_wconf 81' lang='lat' dir='ltr'><strong>sTt.</strong></span> <span class='ocrx_word' id='word_1_221' title='bbox 3454 1796 3500 1849; x_wconf 87' lang='grc' dir='ltr'><strong>Τ</strong></span> <span class='ocrx_word' id='word_1_222' title='bbox 3534 1790 3769 1858; x_wconf 55' lang='lat' dir='ltr'><strong>Diffidet,</strong></span> 
     </span>
     <span class='ocr_line' id='line_1_20' title="bbox 543 1865 2493 1938; baseline 0 -16"><span class='ocrx_word' id='word_1_223' title='bbox 543 1866 697 1922; x_wconf 81' lang='lat' dir='ltr'><strong>isaiae</strong></span> <span class='ocrx_word' id='word_1_224' title='bbox 727 1866 902 1921; x_wconf 80' lang='grc' dir='ltr'>στίκοι</span> <span class='ocrx_word' id='word_1_225' title='bbox 934 1865 1148 1938; x_wconf 82' lang='grc' dir='ltr'>(στίχοι)</span> <span class='ocrx_word' id='word_1_226' title='bbox 1176 1880 1271 1922; x_wconf 87' lang='lat' dir='ltr'><strong>seu</strong></span> <span class='ocrx_word' id='word_1_227' title='bbox 1305 1881 1494 1922; x_wconf 81' lang='lat' dir='ltr'><strong>versus</strong></span> <span class='ocrx_word' id='word_1_228' title='bbox 1534 1866 1635 1920; x_wconf 87' lang='lat' dir='ltr'><strong>tria</strong></span> <span class='ocrx_word' id='word_1_229' title='bbox 1659 1866 1826 1921; x_wconf 87' lang='lat' dir='ltr'><strong>millia</strong></span> <span class='ocrx_word' id='word_1_230' title='bbox 1865 1865 2159 1937; x_wconf 78' lang='lat' dir='ltr'><strong>octingenti</strong></span> <span class='ocrx_word' id='word_1_231' title='bbox 2189 1881 2254 1921; x_wconf 87' lang='lat' dir='ltr'><strong>ac</strong></span> <span class='ocrx_word' id='word_1_232' title='bbox 2283 1866 2493 1937; x_wconf 62' lang='lat' dir='ltr'><strong>viginti.</strong></span> 
     </span>
    </p>
   </div>
   <div class='ocr_carea' id='block_1_8' title="bbox 1551 1998 2805 2166">
    <p class='ocr_par' dir='ltr' id='par_1_8' title="bbox 1551 1998 2805 2166">
     <span class='ocr_line' id='line_1_21' title="bbox 1551 1998 2805 2061; baseline 0 -4"><span class='ocrx_word' id='word_1_233' title='bbox 1551 2001 1616 2061; x_wconf 93' lang='lat' dir='ltr'><strong>D.</strong></span> <span class='ocrx_word' id='word_1_234' title='bbox 1665 1998 2093 2058; x_wconf 74' lang='lat' dir='ltr'><strong>BERNARDI</strong></span> <span class='ocrx_word' id='word_1_235' title='bbox 2158 1999 2805 2057; x_wconf 65' lang='lat' dir='ltr'><strong>uonTFAucoNtt</strong></span> 
     </span>
     <span class='ocr_line' id='line_1_22' title="bbox 1748 2093 2603 2166; baseline 0.004 -18"><span class='ocrx_word' id='word_1_236' title='bbox 1748 2093 1985 2152; x_wconf 87' lang='lat' dir='ltr'><strong>Diarium</strong></span> <span class='ocrx_word' id='word_1_237' title='bbox 2030 2094 2298 2164; x_wconf 84' lang='lat' dir='ltr'><strong>Italicum,</strong></span> <span class='ocrx_word' id='word_1_238' title='bbox 2332 2109 2457 2166; x_wconf 80' lang='lat' dir='ltr'><strong>pag.</strong></span> <span class='ocrx_word' id='word_1_239' title='bbox 2478 2094 2603 2151; x_wconf 75' lang='lat'><strong>257.</strong></span> 
     </span>
    </p>
   </div>
   <div class='ocr_carea' id='block_1_9' title="bbox 540 2183 3763 2491">
    <p class='ocr_par' dir='ltr' id='par_1_9' title="bbox 540 2183 3763 2491">
     <span class='ocr_line' id='line_1_23' title="bbox 610 2183 3763 2279; baseline -0.003 -15"><span class='ocrx_word' id='word_1_240' title='bbox 610 2207 718 2266; x_wconf 87' lang='lat' dir='ltr'><strong>Pro</strong></span> <span class='ocrx_word' id='word_1_241' title='bbox 756 2209 894 2265; x_wconf 68' lang='lat' dir='ltr'><strong>hotae</strong></span> <span class='ocrx_word' id='word_1_242' title='bbox 922 2224 1113 2265; x_wconf 85' lang='lat' dir='ltr'><strong>omnes</strong></span> <span class='ocrx_word' id='word_1_243' title='bbox 1140 2208 1327 2265; x_wconf 80' lang='lat' dir='ltr'><strong>Graeee</strong></span> <span class='ocrx_word' id='word_1_244' title='bbox 1352 2225 1476 2264; x_wconf 87' lang='lat' dir='ltr'><strong>eum</strong></span> <span class='ocrx_word' id='word_1_245' title='bbox 1509 2183 1933 2264; x_wconf 78' lang='lat' dir='ltr'><strong>Commentariis</strong></span> <span class='ocrx_word' id='word_1_246' title='bbox 1966 2205 2218 2279; x_wconf 77' lang='lat' dir='ltr'><strong>origenis</strong></span> <span class='ocrx_word' id='word_1_247' title='bbox 2248 2215 2297 2262; x_wconf 90' lang='lat' dir='ltr'><strong>et</strong></span> <span class='ocrx_word' id='word_1_248' title='bbox 2337 2206 2618 2277; x_wconf 59' lang='lat' dir='ltr'><strong>misy-ehu,</strong></span> <span class='ocrx_word' id='word_1_249' title='bbox 2649 2221 2714 2261; x_wconf 90' lang='lat' dir='ltr'><strong>ae</strong></span> <span class='ocrx_word' id='word_1_250' title='bbox 2758 2204 3058 2277; x_wconf 87' lang='lat' dir='ltr'><strong>Epistolis,</strong></span> <span class='ocrx_word' id='word_1_251' title='bbox 3096 2200 3645 2267; x_wconf 73' lang='lat' dir='ltr'><strong>Praetaiionibnsque</strong></span> <span class='ocrx_word' id='word_1_252' title='bbox 3675 2191 3763 2274; x_wconf 58' lang='lat'><strong>²9⁸³</strong></span> 
     </span>
     <span class='ocr_line' id='line_1_24' title="bbox 541 2268 3758 2349; baseline -0.003 -15"><span class='ocrx_word' id='word_1_253' title='bbox 541 2281 684 2349; x_wconf 82' lang='lat' dir='ltr'><strong>quis.</strong></span> <span class='ocrx_word' id='word_1_254' title='bbox 745 2280 897 2335; x_wconf 81' lang='lat' dir='ltr'><strong>&#39;odex</strong></span> <span class='ocrx_word' id='word_1_255' title='bbox 927 2296 957 2334; x_wconf 87' lang='lat' dir='ltr'>x</span> <span class='ocrx_word' id='word_1_256' title='bbox 990 2280 1175 2335; x_wconf 83' lang='lat' dir='ltr'><strong>saeculi</strong></span> <span class='ocrx_word' id='word_1_257' title='bbox 1198 2281 1414 2335; x_wconf 71' lang='lat' dir='ltr'><strong>eximiae</strong></span> <span class='ocrx_word' id='word_1_258' title='bbox 1449 2288 1589 2333; x_wconf 83' lang='lat' dir='ltr'><strong>notae</strong></span> <span class='ocrx_word' id='word_1_259' title='bbox 1629 2279 2101 2341; x_wconf 73' lang='lat' dir='ltr'><strong>membranaceus,</strong></span> <span class='ocrx_word' id='word_1_260' title='bbox 2137 2275 2323 2332; x_wconf 72' lang='lat' dir='ltr'><strong>Romae</strong></span> <span class='ocrx_word' id='word_1_261' title='bbox 2367 2277 2420 2330; x_wconf 91' lang='lat' dir='ltr'><strong>in</strong></span> <span class='ocrx_word' id='word_1_262' title='bbox 2473 2275 2810 2331; x_wconf 77' lang='lat' dir='ltr'><strong>Bibliotheca</strong></span> <span class='ocrx_word' id='word_1_263' title='bbox 2856 2276 3211 2348; x_wconf 77' lang='lat' dir='ltr'><strong>Ghiggiana.</strong></span> <span class='ocrx_word' id='word_1_264' title='bbox 3257 2274 3453 2329; x_wconf 81' lang='lat' dir='ltr'><strong>Codex</strong></span> <span class='ocrx_word' id='word_1_265' title='bbox 3494 2268 3758 2346; x_wconf 61' lang='lat' dir='ltr'><strong>botulpycfwss</strong></span> 
     </span>
     <span class='ocr_line' id='line_1_25' title="bbox 540 2332 3756 2491; baseline -0.006 -88"><span class='ocrx_word' id='word_1_266' title='bbox 540 2349 1035 2491; x_wconf 48' lang='lat' dir='ltr'><strong>iliiu&#39;sgafgrpnp‘lsstas</strong></span> <span class='ocrx_word' id='word_1_267' title='bbox 1061 2350 1190 2405; x_wconf 86' lang='lat' dir='ltr'><strong>item</strong></span> <span class='ocrx_word' id='word_1_268' title='bbox 1221 2364 1412 2406; x_wconf 88' lang='lat' dir='ltr'><strong>omnes</strong></span> <span class='ocrx_word' id='word_1_269' title='bbox 1442 2349 1811 2420; x_wconf 85' lang='lat' dir='ltr'><strong>complectens</strong></span> <span class='ocrx_word' id='word_1_270' title='bbox 1838 2362 1963 2404; x_wconf 87' lang='lat' dir='ltr'><strong>cum</strong></span> <span class='ocrx_word' id='word_1_271' title='bbox 1997 2347 2168 2404; x_wconf 87' lang='lat' dir='ltr'><strong>obelis</strong></span> <span class='ocrx_word' id='word_1_272' title='bbox 2198 2355 2253 2403; x_wconf 89' lang='lat' dir='ltr'><strong>et</strong></span> <span class='ocrx_word' id='word_1_273' title='bbox 2281 2346 2577 2413; x_wconf 75' lang='lat' dir='ltr'><strong>asterisciS,</strong></span> <span class='ocrx_word' id='word_1_274' title='bbox 2613 2361 2677 2401; x_wconf 88' lang='lat' dir='ltr'><strong>ac</strong></span> <span class='ocrx_word' id='word_1_275' title='bbox 2708 2346 3045 2416; x_wconf 84' lang='lat' dir='ltr'><strong>quibusdam</strong></span> <span class='ocrx_word' id='word_1_276' title='bbox 3080 2345 3491 2416; x_wconf 82' lang='lat' dir='ltr'><strong>Hexaplorum</strong></span> <span class='ocrx_word' id='word_1_277' title='bbox 3523 2332 3756 2395; x_wconf 69' lang='lat' dir='ltr'><strong>lectionibus</strong></span> 
     </span>
    </p>
   </div>
   <div class='ocr_carea' id='block_1_10' title="bbox 1314 2508 3019 2697">
    <p class='ocr_par' dir='ltr' id='par_1_10' title="bbox 1314 2508 3019 2697">
     <span class='ocr_line' id='line_1_26' title="bbox 1795 2508 2541 2581; baseline 0 -14"><span class='ocrx_word' id='word_1_278' title='bbox 1795 2508 2214 2567; x_wconf 74' lang='lat' dir='ltr'><strong>cAttmNALts</strong></span> <span class='ocrx_word' id='word_1_279' title='bbox 2275 2512 2541 2581; x_wconf 80' lang='lat' dir='ltr'><strong>QuthNt</strong></span> 
     </span>
     <span class='ocr_line' id='line_1_27' title="bbox 1314 2624 3019 2697; baseline 0.001 -18"><span class='ocrx_word' id='word_1_280' title='bbox 1314 2624 1390 2681; x_wconf 79' lang='lat' dir='ltr'><strong>Ex</strong></span> <span class='ocrx_word' id='word_1_281' title='bbox 1421 2624 1662 2697; x_wconf 82' lang='lat' dir='ltr'><strong>Epistola</strong></span> <span class='ocrx_word' id='word_1_282' title='bbox 1704 2625 1772 2681; x_wconf 86' lang='lat' dir='ltr'><strong>ad</strong></span> <span class='ocrx_word' id='word_1_283' title='bbox 1809 2627 1874 2680; x_wconf 76' lang='lat' dir='ltr'><strong>A.</strong></span> <span class='ocrx_word' id='word_1_284' title='bbox 1911 2626 1970 2682; x_wconf 75' lang='lat' dir='ltr'><strong>S.</strong></span> <span class='ocrx_word' id='word_1_285' title='bbox 2002 2626 2375 2685; x_wconf 78' lang='lat' dir='ltr'><strong>Mazoecltium</strong></span> <span class='ocrx_word' id='word_1_286' title='bbox 2413 2646 2503 2685; x_wconf 81' lang='lat' dir='ltr'><strong>xvt</strong></span> <span class='ocrx_word' id='word_1_287' title='bbox 2532 2628 2654 2686; x_wconf 69' lang='lat' dir='ltr'><strong>nat.</strong></span> <span class='ocrx_word' id='word_1_288' title='bbox 2695 2630 2820 2686; x_wconf 83' lang='lat' dir='ltr'><strong>Dec.</strong></span> <span class='ocrx_word' id='word_1_289' title='bbox 2858 2626 3019 2683; x_wconf 65' lang='lat' dir='ltr'><strong>tus.</strong></span> 
     </span>
    </p>
   </div>
   <div class='ocr_carea' id='block_1_11' title="bbox 541 2735 3741 3397">
    <p class='ocr_par' dir='ltr' id='par_1_11' title="bbox 541 2735 3741 3397">
     <span class='ocr_line' id='line_1_28' title="bbox 609 2735 3741 2841; baseline -0.005 -20"><span class='ocrx_word' id='word_1_290' title='bbox 609 2761 817 2820; x_wconf 83' lang='lat' dir='ltr'><strong>Praesto</strong></span> <span class='ocrx_word' id='word_1_291' title='bbox 839 2760 973 2816; x_wconf 89' lang='lat' dir='ltr'><strong>mihi</strong></span> <span class='ocrx_word' id='word_1_292' title='bbox 1002 2760 1159 2816; x_wconf 85' lang='lat' dir='ltr'><strong>adest</strong></span> <span class='ocrx_word' id='word_1_293' title='bbox 1182 2759 1475 2816; x_wconf 86' lang='lat' dir='ltr'><strong>admodum</strong></span> <span class='ocrx_word' id='word_1_294' title='bbox 1508 2769 1812 2830; x_wconf 89' lang='lat' dir='ltr'><strong>opportune</strong></span> <span class='ocrx_word' id='word_1_295' title='bbox 1848 2761 1960 2818; x_wconf 90' lang='lat' dir='ltr'><strong>anti</strong></span> <span class='ocrx_word' id='word_1_296' title='bbox 2006 2763 2140 2818; x_wconf 88' lang='lat' dir='ltr'><strong>uiss.</strong></span> <span class='ocrx_word' id='word_1_297' title='bbox 2176 2762 2359 2820; x_wconf 83' lang='lat' dir='ltr'><strong>Codex</strong></span> <span class='ocrx_word' id='word_1_298' title='bbox 2391 2762 2496 2820; x_wconf 71' lang='lat' dir='ltr'><strong>Hs.</strong></span> <span class='ocrx_word' id='word_1_299' title='bbox 2540 2761 2816 2819; x_wconf 79' lang='lat' dir='ltr'><strong>Chisianae</strong></span> <span class='ocrx_word' id='word_1_300' title='bbox 2862 2761 3263 2825; x_wconf 80' lang='lat' dir='ltr'><strong>Bibliothecae,</strong></span> <span class='ocrx_word' id='word_1_301' title='bbox 3292 2771 3471 2841; x_wconf 80' lang='lat' dir='ltr'><strong>quem</strong></span> <span class='ocrx_word' id='word_1_302' title='bbox 3490 2767 3554 2809; x_wconf 77' lang='lat' dir='ltr'><strong>ex</strong></span> <span class='ocrx_word' id='word_1_303' title='bbox 3575 2735 3741 2816; x_wconf 64' lang='lat' dir='ltr'><strong>siusffl</strong></span> 
     </span>
     <span class='ocr_line' id='line_1_29' title="bbox 542 2817 3739 2903; baseline -0.006 -14"><span class='ocrx_word' id='word_1_304' title='bbox 542 2832 758 2903; x_wconf 68' lang='lat' dir='ltr'><strong>inclytae</strong></span> <span class='ocrx_word' id='word_1_305' title='bbox 784 2834 906 2901; x_wconf 87' lang='lat' dir='ltr'><strong>ejus</strong></span> <span class='ocrx_word' id='word_1_306' title='bbox 940 2828 1161 2885; x_wconf 77' lang='lat' dir='ltr'><strong>samitiae</strong></span> <span class='ocrx_word' id='word_1_307' title='bbox 1187 2830 1452 2885; x_wconf 80' lang='lat' dir='ltr'><strong>beneficio</strong></span> <span class='ocrx_word' id='word_1_308' title='bbox 1481 2832 1535 2884; x_wconf 92' lang='lat' dir='ltr'><strong>in</strong></span> <span class='ocrx_word' id='word_1_309' title='bbox 1570 2830 1821 2885; x_wconf 86' lang='lat' dir='ltr'><strong>manibus</strong></span> <span class='ocrx_word' id='word_1_310' title='bbox 1872 2847 1925 2886; x_wconf 92' lang='lat' dir='ltr'><strong>m</strong></span> <span class='ocrx_word' id='word_1_311' title='bbox 2002 2847 2033 2887; x_wconf 94' lang='lat' dir='ltr'><strong>o</strong></span> <span class='ocrx_word' id='word_1_312' title='bbox 2089 2831 2287 2898; x_wconf 87' lang='lat' dir='ltr'><strong>habeo,</strong></span> <span class='ocrx_word' id='word_1_313' title='bbox 2323 2849 2388 2890; x_wconf 91' lang='lat' dir='ltr'><strong>ac</strong></span> <span class='ocrx_word' id='word_1_314' title='bbox 2413 2835 2663 2900; x_wconf 81' lang='lat' dir='ltr'><strong>servabo,</strong></span> <span class='ocrx_word' id='word_1_315' title='bbox 2718 2833 2891 2888; x_wconf 88' lang='lat' dir='ltr'><strong>donec</strong></span> <span class='ocrx_word' id='word_1_316' title='bbox 2938 2831 3149 2887; x_wconf 68' lang='lat' dir='ltr'><strong>Brixiae</strong></span> <span class='ocrx_word' id='word_1_317' title='bbox 3186 2831 3334 2885; x_wconf 80' lang='lat' dir='ltr'><strong>mihi</strong></span> <span class='ocrx_word' id='word_1_318' title='bbox 3374 2817 3739 2897; x_wconf 61' lang='lat' dir='ltr'><strong>repetendam·</strong></span> 
     </span>
     <span class='ocr_line' id='line_1_30' title="bbox 541 2887 3731 2975; baseline -0.003 -18"><span class='ocrx_word' id='word_1_319' title='bbox 541 2918 649 2973; x_wconf 88' lang='lat' dir='ltr'><strong>pus</strong></span> <span class='ocrx_word' id='word_1_320' title='bbox 677 2900 975 2957; x_wconf 80' lang='lat' dir='ltr'><strong>advenerit.</strong></span> <span class='ocrx_word' id='word_1_321' title='bbox 1005 2900 1057 2955; x_wconf 86' lang='lat' dir='ltr'><strong>ls</strong></span> <span class='ocrx_word' id='word_1_322' title='bbox 1082 2905 1318 2969; x_wconf 86' lang='lat' dir='ltr'><strong>quatuor</strong></span> <span class='ocrx_word' id='word_1_323' title='bbox 1349 2900 1648 2970; x_wconf 85' lang='lat' dir='ltr'><strong>Prophetas</strong></span> <span class='ocrx_word' id='word_1_324' title='bbox 1692 2900 1926 2971; x_wconf 78' lang='lat' dir='ltr'><strong>majores</strong></span> <span class='ocrx_word' id='word_1_325' title='bbox 1960 2917 2028 2957; x_wconf 85' lang='lat' dir='ltr'><strong>ex</strong></span> <span class='ocrx_word' id='word_1_326' title='bbox 2069 2901 2412 2975; x_wconf 81' lang='lat' dir='ltr'><strong>origenianis</strong></span> <span class='ocrx_word' id='word_1_327' title='bbox 2467 2901 2723 2973; x_wconf 80' lang='lat' dir='ltr'><strong>Hexaplis</strong></span> <span class='ocrx_word' id='word_1_328' title='bbox 2781 2909 3038 2957; x_wconf 86' lang='lat' dir='ltr'><strong>accurate</strong></span> <span class='ocrx_word' id='word_1_329' title='bbox 3068 2899 3410 2969; x_wconf 80' lang='lat' dir='ltr'><strong>exscriptos</strong></span> <span class='ocrx_word' id='word_1_330' title='bbox 3453 2887 3731 2960; x_wconf 59' lang='lat' dir='ltr'><strong>con-vim</strong></span> 
     </span>
     <span class='ocr_line' id='line_1_31' title="bbox 542 2951 3732 3044; baseline -0.004 -17"><span class='ocrx_word' id='word_1_331' title='bbox 542 2987 680 3028; x_wconf 86' lang='lat' dir='ltr'><strong>auro</strong></span> <span class='ocrx_word' id='word_1_332' title='bbox 731 2978 924 3027; x_wconf 85' lang='lat' dir='ltr'><strong>eontra</strong></span> <span class='ocrx_word' id='word_1_333' title='bbox 976 2969 1187 3039; x_wconf 84' lang='lat' dir='ltr'><strong>carior,</strong></span> <span class='ocrx_word' id='word_1_334' title='bbox 1229 2980 1285 3026; x_wconf 91' lang='lat' dir='ltr'><strong>et</strong></span> <span class='ocrx_word' id='word_1_335' title='bbox 1326 2978 1510 3041; x_wconf 87' lang='lat' dir='ltr'><strong>patera</strong></span> <span class='ocrx_word' id='word_1_336' title='bbox 1552 2985 1718 3026; x_wconf 86' lang='lat' dir='ltr'><strong>aurea</strong></span> <span class='ocrx_word' id='word_1_337' title='bbox 1755 2972 1984 3041; x_wconf 75' lang='lat' dir='ltr'><strong>gemmis</strong></span> <span class='ocrx_word' id='word_1_338' title='bbox 2042 2976 2193 3044; x_wconf 77' lang='lat' dir='ltr'><strong>gravi</strong></span> <span class='ocrx_word' id='word_1_339' title='bbox 2256 2974 2550 3043; x_wconf 89' lang='lat' dir='ltr'><strong>pretiosior</strong></span> <span class='ocrx_word' id='word_1_340' title='bbox 2600 2973 3033 3036; x_wconf 84' lang='lat' dir='ltr'><strong>existimandus,</strong></span> <span class='ocrx_word' id='word_1_341' title='bbox 3091 2981 3159 3026; x_wconf 86' lang='lat' dir='ltr'><strong>ut</strong></span> <span class='ocrx_word' id='word_1_342' title='bbox 3215 2968 3479 3040; x_wconf 85' lang='lat' dir='ltr'><strong>loquitur</strong></span> <span class='ocrx_word' id='word_1_343' title='bbox 3534 2960 3628 3015; x_wconf 81' lang='lat' dir='ltr'><strong>Leo</strong></span> <span class='ocrx_word' id='word_1_344' title='bbox 3661 2951 3732 3029; x_wconf 53' lang='grc' dir='ltr'><strong>ΛΨ·</strong></span> 
     </span>
     <span class='ocr_line' id='line_1_32' title="bbox 545 3021 3728 3114; baseline -0.005 -19"><span class='ocrx_word' id='word_1_345' title='bbox 545 3043 655 3098; x_wconf 89' lang='lat' dir='ltr'><strong>tius</strong></span> <span class='ocrx_word' id='word_1_346' title='bbox 679 3078 696 3096; x_wconf 90' lang='lat'><strong>.</strong></span> <span class='ocrx_word' id='word_1_347' title='bbox 723 3080 739 3097; x_wconf 90' lang='lat'><strong>.</strong></span> <span class='ocrx_word' id='word_1_348' title='bbox 763 3079 782 3097; x_wconf 86' lang='grc'><strong>.</strong></span> <span class='ocrx_word' id='word_1_349' title='bbox 821 3040 951 3096; x_wconf 84' lang='lat' dir='ltr'><strong>lude</strong></span> <span class='ocrx_word' id='word_1_350' title='bbox 983 3041 1166 3109; x_wconf 81' lang='lat' dir='ltr'><strong>itaque</strong></span> <span class='ocrx_word' id='word_1_351' title='bbox 1211 3040 1532 3110; x_wconf 81' lang='lat' dir='ltr'><strong>depromere</strong></span> <span class='ocrx_word' id='word_1_352' title='bbox 1562 3042 1781 3097; x_wconf 86' lang='lat' dir='ltr'><strong>animus</strong></span> <span class='ocrx_word' id='word_1_353' title='bbox 1814 3042 1945 3096; x_wconf 89' lang='lat' dir='ltr'><strong>mihi</strong></span> <span class='ocrx_word' id='word_1_354' title='bbox 1976 3052 2061 3099; x_wconf 90' lang='lat' dir='ltr'><strong>est</strong></span> <span class='ocrx_word' id='word_1_355' title='bbox 2088 3041 2339 3099; x_wconf 77' lang='lat' dir='ltr'><strong>Jeremiae</strong></span> <span class='ocrx_word' id='word_1_356' title='bbox 2406 3043 2674 3112; x_wconf 85' lang='lat' dir='ltr'><strong>rophetae‚</strong></span> <span class='ocrx_word' id='word_1_357' title='bbox 2715 3042 2806 3113; x_wconf 79' lang='lat' dir='ltr'><strong>qui</strong></span> <span class='ocrx_word' id='word_1_358' title='bbox 2851 3041 3029 3114; x_wconf 80' lang='lat' dir='ltr'><strong>primo</strong></span> <span class='ocrx_word' id='word_1_359' title='bbox 3072 3041 3214 3095; x_wconf 85' lang='lat' dir='ltr'><strong>loco</strong></span> <span class='ocrx_word' id='word_1_360' title='bbox 3259 3040 3418 3093; x_wconf 81' lang='lat' dir='ltr'><strong>inter</strong></span> <span class='ocrx_word' id='word_1_361' title='bbox 3448 3038 3652 3106; x_wconf 80' lang='lat' dir='ltr'><strong>quatuor</strong></span> <span class='ocrx_word' id='word_1_362' title='bbox 3674 3021 3728 3072; x_wconf 50' lang='grc' dir='ltr'><strong>πί*</strong></span> 
     </span>
     <span class='ocr_line' id='line_1_33' title="bbox 543 3096 3721 3182; baseline -0.002 -15"><span class='ocrx_word' id='word_1_363' title='bbox 543 3111 620 3167; x_wconf 90' lang='lat' dir='ltr'><strong>ibi</strong></span> <span class='ocrx_word' id='word_1_364' title='bbox 652 3111 910 3175; x_wconf 87' lang='lat' dir='ltr'><strong>occurrit,</strong></span> <span class='ocrx_word' id='word_1_365' title='bbox 947 3119 1110 3179; x_wconf 88' lang='lat' dir='ltr'><strong>caput</strong></span> <span class='ocrx_word' id='word_1_366' title='bbox 1154 3126 1325 3167; x_wconf 88' lang='lat' dir='ltr'><strong>unum</strong></span> <span class='ocrx_word' id='word_1_367' title='bbox 1366 3110 1422 3165; x_wconf 91' lang='lat' dir='ltr'><strong>in</strong></span> <span class='ocrx_word' id='word_1_368' title='bbox 1458 3111 1730 3180; x_wconf 87' lang='lat' dir='ltr'><strong>specimen</strong></span> <span class='ocrx_word' id='word_1_369' title='bbox 1787 3126 2071 3181; x_wconf 64' lang='lat' dir='ltr'><strong>propensae</strong></span> <span class='ocrx_word' id='word_1_370' title='bbox 2113 3128 2248 3169; x_wconf 77' lang='lat' dir='ltr'><strong>meae</strong></span> <span class='ocrx_word' id='word_1_371' title='bbox 2293 3129 2362 3169; x_wconf 79' lang='lat' dir='ltr'><strong>vo</strong></span> <span class='ocrx_word' id='word_1_372' title='bbox 2387 3112 2592 3167; x_wconf 87' lang='lat' dir='ltr'><strong>untatis</strong></span> <span class='ocrx_word' id='word_1_373' title='bbox 2631 3111 2682 3167; x_wconf 91' lang='lat' dir='ltr'><strong>in</strong></span> <span class='ocrx_word' id='word_1_374' title='bbox 2727 3111 3149 3182; x_wconf 86' lang='lat' dir='ltr'><strong>suppeditandis</strong></span> <span class='ocrx_word' id='word_1_375' title='bbox 3198 3125 3273 3164; x_wconf 85' lang='lat' dir='ltr'><strong>ex</strong></span> <span class='ocrx_word' id='word_1_376' title='bbox 3330 3108 3479 3179; x_wconf 87' lang='lat' dir='ltr'><strong>ipso,</strong></span> <span class='ocrx_word' id='word_1_377' title='bbox 3512 3096 3721 3171; x_wconf 67' lang='lat' dir='ltr'><strong>quaeffll&#39;</strong></span> 
     </span>
     <span class='ocr_line' id='line_1_34' title="bbox 543 3161 3710 3256; baseline -0.005 -20"><span class='ocrx_word' id='word_1_378' title='bbox 543 3180 742 3237; x_wconf 86' lang='lat' dir='ltr'><strong>studiis</strong></span> <span class='ocrx_word' id='word_1_379' title='bbox 769 3181 960 3236; x_wconf 89' lang='lat' dir='ltr'><strong>iisdem</strong></span> <span class='ocrx_word' id='word_1_380' title='bbox 988 3182 1096 3236; x_wconf 90' lang='lat' dir='ltr'><strong>tuis</strong></span> <span class='ocrx_word' id='word_1_381' title='bbox 1122 3196 1341 3252; x_wconf 77' lang='lat' dir='ltr'><strong>quaqua</strong></span> <span class='ocrx_word' id='word_1_382' title='bbox 1380 3181 1590 3238; x_wconf 86' lang='lat' dir='ltr'><strong>ratione</strong></span> <span class='ocrx_word' id='word_1_383' title='bbox 1621 3181 1925 3237; x_wconf 88' lang='lat' dir='ltr'><strong>conducere</strong></span> <span class='ocrx_word' id='word_1_384' title='bbox 1952 3197 2115 3252; x_wconf 87' lang='lat' dir='ltr'><strong>posse</strong></span> <span class='ocrx_word' id='word_1_385' title='bbox 2160 3197 2483 3256; x_wconf 78' lang='lat' dir='ltr'><strong>cognosces.</strong></span> <span class='ocrx_word' id='word_1_386' title='bbox 2526 3181 2842 3253; x_wconf 79' lang='lat' dir='ltr'><strong>Hexaplaris</strong></span> <span class='ocrx_word' id='word_1_387' title='bbox 2874 3195 3005 3237; x_wconf 85' lang='lat' dir='ltr'><strong>vero</strong></span> <span class='ocrx_word' id='word_1_388' title='bbox 3040 3190 3242 3235; x_wconf 75' lang='lat' dir='ltr'><strong>textus</strong></span> <span class='ocrx_word' id='word_1_389' title='bbox 3280 3178 3378 3233; x_wconf 91' lang='lat' dir='ltr'><strong>ille</strong></span> <span class='ocrx_word' id='word_1_390' title='bbox 3433 3161 3710 3245; x_wconf 48' lang='lat' dir='ltr'><strong>praetecum</strong></span> 
     </span>
     <span class='ocr_line' id='line_1_35' title="bbox 544 3228 3702 3326; baseline -0.003 -20"><span class='ocrx_word' id='word_1_391' title='bbox 544 3260 602 3307; x_wconf 87' lang='lat' dir='ltr'><strong>et</strong></span> <span class='ocrx_word' id='word_1_392' title='bbox 636 3251 928 3307; x_wconf 80' lang='lat' dir='ltr'><strong>asteriscos</strong></span> <span class='ocrx_word' id='word_1_393' title='bbox 965 3252 1346 3321; x_wconf 79' lang='lat' dir='ltr'><strong>origenianos,</strong></span> <span class='ocrx_word' id='word_1_394' title='bbox 1404 3251 1548 3306; x_wconf 90' lang='lat' dir='ltr'><strong>notis</strong></span> <span class='ocrx_word' id='word_1_395' title='bbox 1598 3252 1765 3306; x_wconf 89' lang='lat' dir='ltr'><strong>etiam</strong></span> <span class='ocrx_word' id='word_1_396' title='bbox 1821 3252 2215 3322; x_wconf 77' lang='lat' dir='ltr'><strong>marginalibus</strong></span> <span class='ocrx_word' id='word_1_397' title='bbox 2268 3254 2531 3309; x_wconf 87' lang='lat' dir='ltr'><strong>lectiones</strong></span> <span class='ocrx_word' id='word_1_398' title='bbox 2591 3269 2655 3307; x_wconf 85' lang='lat' dir='ltr'><strong>ex</strong></span> <span class='ocrx_word' id='word_1_399' title='bbox 2708 3251 2920 3321; x_wconf 74' lang='lat' dir='ltr'><strong>Aquilae</strong></span> <span class='ocrx_word' id='word_1_400' title='bbox 2974 3259 3030 3305; x_wconf 85' lang='lat' dir='ltr'><strong>et</strong></span> <span class='ocrx_word' id='word_1_401' title='bbox 3086 3245 3436 3322; x_wconf 74' lang='lat' dir='ltr'><strong>Symmachi</strong></span> <span class='ocrx_word' id='word_1_402' title='bbox 3482 3228 3702 3326; x_wconf 43' lang='grc' dir='ltr'><strong>,ναίω</strong></span> 
     </span>
     <span class='ocr_line' id='line_1_36' title="bbox 545 3302 3720 3397; baseline -0.005 -19"><span class='ocrx_word' id='word_1_403' title='bbox 545 3321 643 3378; x_wconf 79' lang='lat' dir='ltr'><strong>sed</strong></span> <span class='ocrx_word' id='word_1_404' title='bbox 695 3322 910 3377; x_wconf 77' lang='lat' dir='ltr'><strong>aliunde</strong></span> <span class='ocrx_word' id='word_1_405' title='bbox 958 3322 1310 3392; x_wconf 87' lang='lat' dir='ltr'><strong>depromptas</strong></span> <span class='ocrx_word' id='word_1_406' title='bbox 1365 3319 1776 3391; x_wconf 75' lang='lat' dir='ltr'><strong>praeferentibus</strong></span> <span class='ocrx_word' id='word_1_407' title='bbox 1814 3333 2111 3378; x_wconf 85' lang='lat' dir='ltr'><strong>exornatur</strong></span> <span class='ocrx_word' id='word_1_408' title='bbox 2158 3324 2215 3378; x_wconf 90' lang='lat' dir='ltr'><strong>in</strong></span> <span class='ocrx_word' id='word_1_409' title='bbox 2264 3323 2575 3394; x_wconf 82' lang='lat' dir='ltr'><strong>apographo</strong></span> <span class='ocrx_word' id='word_1_410' title='bbox 2613 3337 2681 3377; x_wconf 80' lang='lat' dir='ltr'><strong>ex</strong></span> <span class='ocrx_word' id='word_1_411' title='bbox 2719 3320 2995 3377; x_wconf 77' lang='lat' dir='ltr'><strong>vetustiss.</strong></span> <span class='ocrx_word' id='word_1_412' title='bbox 3037 3319 3137 3374; x_wconf 84' lang='lat' dir='ltr'><strong>illo</strong></span> <span class='ocrx_word' id='word_1_413' title='bbox 3184 3319 3332 3374; x_wconf 85' lang='lat' dir='ltr'><strong>Cod.</strong></span> <span class='ocrx_word' id='word_1_414' title='bbox 3374 3317 3628 3374; x_wconf 73' lang='lat' dir='ltr'><strong>derivato.</strong></span> <span class='ocrx_word' id='word_1_415' title='bbox 3646 3302 3720 3397; x_wconf 44' lang='lat' dir='ltr'><strong>an·</strong></span> 
     </span>
    </p>
   </div>
   <div class='ocr_carea' id='block_1_12' title="bbox 544 3385 3554 3464">
    <p class='ocr_par' dir='ltr' id='par_1_12' title="bbox 544 3385 3554 3464">
     <span class='ocr_line' id='line_1_37' title="bbox 544 3385 3554 3464; baseline -0.003 -19"><span class='ocrx_word' id='word_1_416' title='bbox 544 3389 789 3461; x_wconf 75' lang='lat' dir='ltr'><strong>protecto</strong></span> <span class='ocrx_word' id='word_1_417' title='bbox 820 3389 1018 3449; x_wconf 76' lang='lat' dir='ltr'><strong>Leonis</strong></span> <span class='ocrx_word' id='word_1_418' title='bbox 1064 3391 1268 3460; x_wconf 82' lang='lat' dir='ltr'><strong>Allatii‚</strong></span> <span class='ocrx_word' id='word_1_419' title='bbox 1317 3391 1405 3448; x_wconf 88' lang='lat' dir='ltr'><strong>cui</strong></span> <span class='ocrx_word' id='word_1_420' title='bbox 1463 3406 1603 3462; x_wconf 79' lang='lat' dir='ltr'><strong>opus</strong></span> <span class='ocrx_word' id='word_1_421' title='bbox 1659 3392 1791 3447; x_wconf 89' lang='lat' dir='ltr'><strong>illud</strong></span> <span class='ocrx_word' id='word_1_422' title='bbox 1842 3392 2116 3462; x_wconf 77' lang='lat' dir='ltr'><strong>integrum</strong></span> <span class='ocrx_word' id='word_1_423' title='bbox 2150 3393 2438 3464; x_wconf 75' lang='lat' dir='ltr'><strong>evulgandi</strong></span> <span class='ocrx_word' id='word_1_424' title='bbox 2482 3392 2790 3448; x_wconf 82' lang='lat' dir='ltr'><strong>Alexander</strong></span> <span class='ocrx_word' id='word_1_425' title='bbox 2834 3388 2921 3445; x_wconf 82' lang='lat' dir='ltr'><strong>vn</strong></span> <span class='ocrx_word' id='word_1_426' title='bbox 2957 3388 3019 3446; x_wconf 90' lang='lat' dir='ltr'><strong>P.</strong></span> <span class='ocrx_word' id='word_1_427' title='bbox 3052 3388 3124 3444; x_wconf 71' lang='lat' dir='ltr'><strong>tt.</strong></span> <span class='ocrx_word' id='word_1_428' title='bbox 3191 3385 3554 3461; x_wconf 82' lang='lat' dir='ltr'><strong>provinciam</strong></span> 
     </span>
    </p>
   </div>
   <div class='ocr_carea' id='block_1_13' title="bbox 547 3460 2462 3587">
    <p class='ocr_par' dir='ltr' id='par_1_13' title="bbox 547 3460 2462 3587">
     <span class='ocr_line' id='line_1_38' title="bbox 547 3460 793 3517; baseline 0.004 -2"><span class='ocrx_word' id='word_1_429' title='bbox 547 3460 793 3517; x_wconf 80' lang='lat' dir='ltr'><strong>daverat.</strong></span> 
     </span>
     <span class='ocr_line' id='line_1_39' title="bbox 1909 3530 2462 3587; baseline -0.002 -2"><span class='ocrx_word' id='word_1_430' title='bbox 1909 3533 1974 3585; x_wconf 80' lang='lat' dir='ltr'><strong>A.</strong></span> <span class='ocrx_word' id='word_1_431' title='bbox 2023 3531 2081 3586; x_wconf 90' lang='lat' dir='ltr'><strong>S.</strong></span> <span class='ocrx_word' id='word_1_432' title='bbox 2129 3530 2462 3587; x_wconf 73' lang='grc' dir='ltr'><strong>ΜΑΖΟΟΗΙΙ</strong></span> 
     </span>
    </p>
   </div>
   <div class='ocr_carea' id='block_1_14' title="bbox 1323 3642 3027 3830">
    <p class='ocr_par' dir='ltr' id='par_1_14' title="bbox 1323 3642 3027 3830">
     <span class='ocr_line' id='line_1_40' title="bbox 1323 3642 3027 3718; baseline 0.001 -16"><span class='ocrx_word' id='word_1_433' title='bbox 1323 3646 1402 3703; x_wconf 82' lang='lat' dir='ltr'><strong>Ex</strong></span> <span class='ocrx_word' id='word_1_434' title='bbox 1429 3647 1673 3718; x_wconf 86' lang='lat' dir='ltr'><strong>Epistola</strong></span> <span class='ocrx_word' id='word_1_435' title='bbox 1705 3647 1775 3703; x_wconf 88' lang='lat' dir='ltr'><strong>ad</strong></span> <span class='ocrx_word' id='word_1_436' title='bbox 1802 3642 1952 3704; x_wconf 81' lang='lat' dir='ltr'><strong>card.</strong></span> <span class='ocrx_word' id='word_1_437' title='bbox 1987 3648 2273 3714; x_wconf 87' lang='lat' dir='ltr'><strong>Quirinum</strong></span> <span class='ocrx_word' id='word_1_438' title='bbox 2315 3649 2456 3718; x_wconf 91' lang='lat' dir='ltr'><strong>prid.</strong></span> <span class='ocrx_word' id='word_1_439' title='bbox 2490 3648 2610 3704; x_wconf 86' lang='lat' dir='ltr'><strong>Kal.</strong></span> <span class='ocrx_word' id='word_1_440' title='bbox 2659 3646 2819 3704; x_wconf 80' lang='lat' dir='ltr'><strong>Mart.</strong></span> <span class='ocrx_word' id='word_1_441' title='bbox 2857 3648 3027 3714; x_wconf 73' lang='lat'><strong>1745,</strong></span> 
     </span>
     <span class='ocr_line' id='line_1_41' title="bbox 1684 3758 2681 3830; baseline 0 -16"><span class='ocrx_word' id='word_1_442' title='bbox 1684 3758 2054 3830; x_wconf 84' lang='lat' dir='ltr'><strong>adjunctaque</strong></span> <span class='ocrx_word' id='word_1_443' title='bbox 2098 3758 2337 3815; x_wconf 88' lang='lat' dir='ltr'><strong>Diatriba</strong></span> <span class='ocrx_word' id='word_1_444' title='bbox 2368 3774 2492 3829; x_wconf 74' lang='lat' dir='ltr'><strong>pag.</strong></span> <span class='ocrx_word' id='word_1_445' title='bbox 2528 3773 2681 3814; x_wconf 73' lang='lat' dir='ltr'><strong>xxvi.</strong></span> 
     </span>
    </p>
   </div>
   <div class='ocr_carea' id='block_1_15' title="bbox 550 3852 3825 4648">
    <p class='ocr_par' dir='ltr' id='par_1_15' title="bbox 550 3852 3825 4648">
     <span class='ocr_line' id='line_1_42' title="bbox 625 3852 3825 3953; baseline -0.006 -16"><span class='ocrx_word' id='word_1_446' title='bbox 625 3880 799 3939; x_wconf 84' lang='lat' dir='ltr'><strong>Pudet</strong></span> <span class='ocrx_word' id='word_1_447' title='bbox 824 3897 931 3950; x_wconf 89' lang='lat' dir='ltr'><strong>me,</strong></span> <span class='ocrx_word' id='word_1_448' title='bbox 960 3881 1186 3950; x_wconf 85' lang='lat' dir='ltr'><strong>Quirine</strong></span> <span class='ocrx_word' id='word_1_449' title='bbox 1222 3881 1384 3938; x_wconf 88' lang='lat' dir='ltr'><strong>Card.</strong></span> <span class='ocrx_word' id='word_1_450' title='bbox 1415 3880 1789 3953; x_wconf 83' lang='lat' dir='ltr'><strong>Amplissime,</strong></span> <span class='ocrx_word' id='word_1_451' title='bbox 1836 3881 1929 3951; x_wconf 87' lang='lat' dir='ltr'><strong>qui</strong></span> <span class='ocrx_word' id='word_1_452' title='bbox 1959 3881 2102 3949; x_wconf 85' lang='lat' dir='ltr'><strong>quod</strong></span> <span class='ocrx_word' id='word_1_453' title='bbox 2137 3880 2204 3935; x_wconf 92' lang='lat' dir='ltr'><strong>de</strong></span> <span class='ocrx_word' id='word_1_454' title='bbox 2238 3878 2518 3949; x_wconf 73' lang='lat' dir='ltr'><strong>Diptychis</strong></span> <span class='ocrx_word' id='word_1_455' title='bbox 2546 3877 2725 3947; x_wconf 86' lang='lat' dir='ltr'><strong>priore</strong></span> <span class='ocrx_word' id='word_1_456' title='bbox 2764 3877 2888 3934; x_wconf 91' lang='lat' dir='ltr'><strong>loco</strong></span> <span class='ocrx_word' id='word_1_457' title='bbox 2920 3877 3176 3942; x_wconf 80' lang='lat' dir='ltr'><strong>dixerim,</strong></span> <span class='ocrx_word' id='word_1_458' title='bbox 3220 3874 3501 3932; x_wconf 90' lang='lat' dir='ltr'><strong>Chisiano</strong></span> <span class='ocrx_word' id='word_1_459' title='bbox 3529 3852 3742 3930; x_wconf 66' lang='lat' dir='ltr'><strong>exemll¹¹5¹</strong></span> <span class='ocrx_word' id='word_1_460' title='bbox 3824 3881 3825 3884; x_wconf 43' lang='lat'>¹</span> 
     </span>
     <span class='ocr_line' id='line_1_43' title="bbox 552 3921 3825 4039; baseline -0.009 -29"><span class='ocrx_word' id='word_1_461' title='bbox 552 3954 623 4010; x_wconf 79' lang='lat' dir='ltr'><strong>ad</strong></span> <span class='ocrx_word' id='word_1_462' title='bbox 653 3954 900 4010; x_wconf 91' lang='lat' dir='ltr'><strong>ultimum</strong></span> <span class='ocrx_word' id='word_1_463' title='bbox 931 3962 1208 4009; x_wconf 74' lang='lat' dir='ltr'><strong>reservato</strong></span> <span class='ocrx_word' id='word_1_464' title='bbox 1237 3955 1435 4025; x_wconf 89' lang='lat' dir='ltr'><strong>(neque</strong></span> <span class='ocrx_word' id='word_1_465' title='bbox 1463 3952 1517 4008; x_wconf 91' lang='lat' dir='ltr'><strong>id</strong></span> <span class='ocrx_word' id='word_1_466' title='bbox 1546 3951 1667 4008; x_wconf 89' lang='lat' dir='ltr'><strong>sine</strong></span> <span class='ocrx_word' id='word_1_467' title='bbox 1698 3952 1841 4021; x_wconf 86' lang='lat' dir='ltr'><strong>turpi</strong></span> <span class='ocrx_word' id='word_1_468' title='bbox 1865 3951 2252 4039; x_wconf 65' lang='grc' dir='ltr'>ὑπερρλογίᾳς</span> <span class='ocrx_word' id='word_1_469' title='bbox 2293 3948 2732 4020; x_wconf 83' lang='lat' dir='ltr'><strong>quandoquidem</strong></span> <span class='ocrx_word' id='word_1_470' title='bbox 2772 3950 2825 4002; x_wconf 91' lang='lat' dir='ltr'><strong>in</strong></span> <span class='ocrx_word' id='word_1_471' title='bbox 2856 3947 3086 4019; x_wconf 87' lang='lat' dir='ltr'><strong>epistola</strong></span> <span class='ocrx_word' id='word_1_472' title='bbox 3133 3947 3229 4002; x_wconf 81' lang='lat' dir='ltr'><strong>illa</strong></span> <span class='ocrx_word' id='word_1_473' title='bbox 3284 3947 3465 4000; x_wconf 76' lang='lat' dir='ltr'><strong>altera</strong></span> <span class='ocrx_word' id='word_1_474' title='bbox 3517 3945 3598 3992; x_wconf 87' lang='lat' dir='ltr'><strong>tua</strong></span> <span class='ocrx_word' id='word_1_475' title='bbox 3619 3921 3743 3983; x_wconf 58' lang='lat' dir='ltr'><strong>crude</strong></span> <span class='ocrx_word' id='word_1_476' title='bbox 3824 3961 3825 3990; x_wconf 65' lang='lat'><em>2</em></span> 
     </span>
     <span class='ocr_line' id='line_1_44' title="bbox 554 3989 3746 4093; baseline -0.011 -12"><span class='ocrx_word' id='word_1_477' title='bbox 554 4026 785 4090; x_wconf 88' lang='lat' dir='ltr'><strong>tissima,</strong></span> <span class='ocrx_word' id='word_1_478' title='bbox 817 4026 904 4080; x_wconf 90' lang='lat' dir='ltr'><strong>cui</strong></span> <span class='ocrx_word' id='word_1_479' title='bbox 939 4039 1086 4081; x_wconf 90' lang='lat' dir='ltr'><strong>nunc</strong></span> <span class='ocrx_word' id='word_1_480' title='bbox 1117 4026 1446 4093; x_wconf 88' lang='lat' dir='ltr'><strong>respondere</strong></span> <span class='ocrx_word' id='word_1_481' title='bbox 1483 4023 1722 4086; x_wconf 84' lang='lat' dir='ltr'><strong>adnitor,</strong></span> <span class='ocrx_word' id='word_1_482' title='bbox 1748 4021 1940 4078; x_wconf 67' lang='lat' dir='ltr'><strong>Codex</strong></span> <span class='ocrx_word' id='word_1_483' title='bbox 1978 4022 2271 4077; x_wconf 76' lang='lat' dir='ltr'><strong>Chisianus</strong></span> <span class='ocrx_word' id='word_1_484' title='bbox 2321 4019 2469 4089; x_wconf 85' lang='lat' dir='ltr'><strong>prior</strong></span> <span class='ocrx_word' id='word_1_485' title='bbox 2524 4018 2869 4088; x_wconf 87' lang='lat' dir='ltr'><strong>procedebat,</strong></span> <span class='ocrx_word' id='word_1_486' title='bbox 2906 4033 3048 4089; x_wconf 86' lang='lat' dir='ltr'><strong>pone</strong></span> <span class='ocrx_word' id='word_1_487' title='bbox 3083 4016 3404 4088; x_wconf 85' lang='lat' dir='ltr'><strong>Diptyehon</strong></span> <span class='ocrx_word' id='word_1_488' title='bbox 3455 3989 3746 4077; x_wconf 72' lang='lat' dir='ltr'><strong>sequebami-</strong></span> 
     </span>
     <span class='ocr_line' id='line_1_45' title="bbox 552 4069 3751 4168; baseline -0.01 -17"><span class='ocrx_word' id='word_1_489' title='bbox 552 4109 702 4151; x_wconf 86' lang='lat' dir='ltr'><strong>nune</strong></span> <span class='ocrx_word' id='word_1_490' title='bbox 726 4096 943 4150; x_wconf 89' lang='lat' dir='ltr'><strong>demum</strong></span> <span class='ocrx_word' id='word_1_491' title='bbox 975 4096 1167 4165; x_wconf 86' lang='lat' dir='ltr'><strong>spatiis</strong></span> <span class='ocrx_word' id='word_1_492' title='bbox 1185 4096 1442 4151; x_wconf 86' lang='lat' dir='ltr'><strong>exclusus</strong></span> <span class='ocrx_word' id='word_1_493' title='bbox 1467 4094 1690 4163; x_wconf 85' lang='lat' dir='ltr'><strong>iniquis,</strong></span> <span class='ocrx_word' id='word_1_494' title='bbox 1727 4102 1784 4149; x_wconf 89' lang='lat' dir='ltr'><strong>ut</strong></span> <span class='ocrx_word' id='word_1_495' title='bbox 1814 4094 1903 4149; x_wconf 90' lang='lat' dir='ltr'><strong>ille</strong></span> <span class='ocrx_word' id='word_1_496' title='bbox 1927 4094 2025 4158; x_wconf 91' lang='lat' dir='ltr'><strong>ait,</strong></span> <span class='ocrx_word' id='word_1_497' title='bbox 2061 4091 2323 4163; x_wconf 89' lang='lat' dir='ltr'><strong>reperiar.</strong></span> <span class='ocrx_word' id='word_1_498' title='bbox 2362 4087 2573 4143; x_wconf 85' lang='lat' dir='ltr'><strong>Etenim</strong></span> <span class='ocrx_word' id='word_1_499' title='bbox 2600 4091 2691 4159; x_wconf 87' lang='lat' dir='ltr'><strong>qui</strong></span> <span class='ocrx_word' id='word_1_500' title='bbox 2718 4089 2873 4159; x_wconf 84' lang='lat' dir='ltr'><strong>plura</strong></span> <span class='ocrx_word' id='word_1_501' title='bbox 2894 4089 3139 4154; x_wconf 87' lang='lat' dir='ltr'><strong>omnino,</strong></span> <span class='ocrx_word' id='word_1_502' title='bbox 3163 4103 3358 4168; x_wconf 49' lang='lat' dir='ltr'><strong>quain·</strong></span> <span class='ocrx_word' id='word_1_503' title='bbox 3378 4090 3595 4164; x_wconf 72' lang='lat' dir='ltr'><strong>necesse</strong></span> <span class='ocrx_word' id='word_1_504' title='bbox 3618 4069 3751 4154; x_wconf 44' lang='lat' dir='ltr'><strong>stieng</strong></span> 
     </span>
     <span class='ocr_line' id='line_1_46' title="bbox 553 4140 3825 4236; baseline -0.001 -16"><span class='ocrx_word' id='word_1_505' title='bbox 553 4166 622 4220; x_wconf 92' lang='lat' dir='ltr'><strong>de</strong></span> <span class='ocrx_word' id='word_1_506' title='bbox 653 4164 928 4236; x_wconf 82' lang='lat' dir='ltr'><strong>Dintyehis</strong></span> <span class='ocrx_word' id='word_1_507' title='bbox 957 4166 1331 4229; x_wconf 86' lang='lat' dir='ltr'><strong>disseruerim,</strong></span> <span class='ocrx_word' id='word_1_508' title='bbox 1360 4166 1428 4219; x_wconf 90' lang='lat' dir='ltr'><strong>‹le</strong></span> <span class='ocrx_word' id='word_1_509' title='bbox 1454 4163 1655 4234; x_wconf 77' lang='lat' dir='ltr'><strong>Codice</strong></span> <span class='ocrx_word' id='word_1_510' title='bbox 1684 4164 1776 4219; x_wconf 92' lang='lat' dir='ltr'><strong>illo</strong></span> <span class='ocrx_word' id='word_1_511' title='bbox 1802 4165 2012 4235; x_wconf 88' lang='lat' dir='ltr'><strong>optimo</strong></span> <span class='ocrx_word' id='word_1_512' title='bbox 2057 4177 2122 4219; x_wconf 90' lang='lat' dir='ltr'><strong>ac</strong></span> <span class='ocrx_word' id='word_1_513' title='bbox 2163 4159 2581 4232; x_wconf 66' lang='lat' dir='ltr'><strong>praeclarissimo</strong></span> <span class='ocrx_word' id='word_1_514' title='bbox 2613 4160 2706 4229; x_wconf 84' lang='lat' dir='ltr'><strong>qul</strong></span> <span class='ocrx_word' id='word_1_515' title='bbox 2742 4173 2887 4215; x_wconf 89' lang='lat' dir='ltr'><strong>nune</strong></span> <span class='ocrx_word' id='word_1_516' title='bbox 2921 4157 3127 4229; x_wconf 89' lang='lat' dir='ltr'><strong>possim</strong></span> <span class='ocrx_word' id='word_1_517' title='bbox 3162 4172 3269 4227; x_wconf 89' lang='lat' dir='ltr'><strong>pro</strong></span> <span class='ocrx_word' id='word_1_518' title='bbox 3301 4157 3571 4228; x_wconf 57' lang='lat' dir='ltr'><strong>dignitate</strong></span> <span class='ocrx_word' id='word_1_519' title='bbox 3595 4140 3749 4202; x_wconf 59' lang='lat' dir='ltr'><strong>obvim·</strong></span> <span class='ocrx_word' id='word_1_520' title='bbox 3824 4191 3825 4216; x_wconf 63' lang='grc'><strong>;</strong></span> 
     </span>
     <span class='ocr_line' id='line_1_47' title="bbox 550 4205 3751 4305; baseline -0.004 -17"><span class='ocrx_word' id='word_1_521' title='bbox 550 4233 888 4290; x_wconf 77' lang='lat' dir='ltr'><strong>—Mearum</strong></span> <span class='ocrx_word' id='word_1_522' title='bbox 955 4250 1100 4290; x_wconf 90' lang='lat' dir='ltr'><strong>nunc</strong></span> <span class='ocrx_word' id='word_1_523' title='bbox 1157 4237 1394 4302; x_wconf 88' lang='lat' dir='ltr'><strong>partium</strong></span> <span class='ocrx_word' id='word_1_524' title='bbox 1447 4235 1571 4298; x_wconf 88' lang='lat' dir='ltr'><strong>erit,</strong></span> <span class='ocrx_word' id='word_1_525' title='bbox 1620 4249 1742 4305; x_wconf 83' lang='lat' dir='ltr'><strong>quae</strong></span> <span class='ocrx_word' id='word_1_526' title='bbox 1796 4234 1862 4287; x_wconf 89' lang='lat' dir='ltr'><strong>de</strong></span> <span class='ocrx_word' id='word_1_527' title='bbox 1917 4233 2134 4289; x_wconf 89' lang='lat' dir='ltr'><strong>Codicis</strong></span> <span class='ocrx_word' id='word_1_528' title='bbox 2191 4231 2337 4286; x_wconf 88' lang='lat' dir='ltr'><strong>illius</strong></span> <span class='ocrx_word' id='word_1_529' title='bbox 2383 4229 2564 4284; x_wconf 87' lang='lat' dir='ltr'><strong>indole</strong></span> <span class='ocrx_word' id='word_1_530' title='bbox 2599 4229 2885 4300; x_wconf 87' lang='lat' dir='ltr'><strong>(quantum</strong></span> <span class='ocrx_word' id='word_1_531' title='bbox 2924 4228 3141 4298; x_wconf 88' lang='lat' dir='ltr'><strong>quidem</strong></span> <span class='ocrx_word' id='word_1_532' title='bbox 3173 4243 3243 4282; x_wconf 83' lang='lat' dir='ltr'><strong>ex</strong></span> <span class='ocrx_word' id='word_1_533' title='bbox 3280 4224 3597 4304; x_wconf 51' lang='lat' dir='ltr'><strong>raginerius</strong></span> <span class='ocrx_word' id='word_1_534' title='bbox 3621 4205 3751 4289; x_wconf 53' lang='lat'><strong>{4¹⁰⁶</strong></span> 
     </span>
     <span class='ocr_line' id='line_1_48' title="bbox 557 4279 3752 4388; baseline -0.006 -29"><span class='ocrx_word' id='word_1_535' title='bbox 557 4304 743 4360; x_wconf 80' lang='lat' dir='ltr'><strong>missis</strong></span> <span class='ocrx_word' id='word_1_536' title='bbox 774 4305 925 4373; x_wconf 90' lang='lat' dir='ltr'><strong>potui</strong></span> <span class='ocrx_word' id='word_1_537' title='bbox 951 4304 1222 4373; x_wconf 81' lang='lat' dir='ltr'><strong>judicare)</strong></span> <span class='ocrx_word' id='word_1_538' title='bbox 1257 4303 1656 4364; x_wconf 74' lang='lat' dir='ltr'><strong>adnotaverint,</strong></span> <span class='ocrx_word' id='word_1_539' title='bbox 1689 4318 1757 4358; x_wconf 87' lang='lat' dir='ltr'><strong>ne</strong></span> <span class='ocrx_word' id='word_1_540' title='bbox 1795 4300 1933 4359; x_wconf 78' lang='lat' dir='ltr'><strong>sorte</strong></span> <span class='ocrx_word' id='word_1_541' title='bbox 1961 4301 2377 4374; x_wconf 78' lang='lat' dir='ltr'><strong>indignissimus</strong></span> <span class='ocrx_word' id='word_1_542' title='bbox 2407 4308 2559 4354; x_wconf 90' lang='lat' dir='ltr'><strong>tanto</strong></span> <span class='ocrx_word' id='word_1_543' title='bbox 2583 4315 2808 4354; x_wconf 84' lang='lat' dir='ltr'><strong>munere</strong></span> <span class='ocrx_word' id='word_1_544' title='bbox 2846 4298 3016 4354; x_wconf 77' lang='lat' dir='ltr'><strong>fuisse</strong></span> <span class='ocrx_word' id='word_1_545' title='bbox 3044 4296 3251 4362; x_wconf 85' lang='lat' dir='ltr'><strong>videar,</strong></span> <span class='ocrx_word' id='word_1_546' title='bbox 3289 4297 3532 4371; x_wconf 69' lang='lat' dir='ltr'><strong>breviter</strong></span> <span class='ocrx_word' id='word_1_547' title='bbox 3558 4279 3752 4388; x_wconf 55' lang='lat' dir='ltr'><strong>tntilfflfn·</strong></span> 
     </span>
     <span class='ocr_line' id='line_1_49' title="bbox 551 4352 3749 4454; baseline -0.009 -26"><span class='ocrx_word' id='word_1_548' title='bbox 551 4373 635 4428; x_wconf 76' lang='lat' dir='ltr'><strong>Ac</strong></span> <span class='ocrx_word' id='word_1_549' title='bbox 679 4373 913 4443; x_wconf 88' lang='lat' dir='ltr'><strong>primum</strong></span> <span class='ocrx_word' id='word_1_550' title='bbox 978 4373 1224 4426; x_wconf 87' lang='lat' dir='ltr'><strong>omnium</strong></span> <span class='ocrx_word' id='word_1_551' title='bbox 1276 4369 1495 4430; x_wconf 81' lang='lat' dir='ltr'><strong>Codicis</strong></span> <span class='ocrx_word' id='word_1_552' title='bbox 1525 4369 1770 4426; x_wconf 87' lang='lat' dir='ltr'><strong>Chisiani</strong></span> <span class='ocrx_word' id='word_1_553' title='bbox 1827 4379 2008 4428; x_wconf 81' lang='lat' dir='ltr'><strong>textus</strong></span> <span class='ocrx_word' id='word_1_554' title='bbox 2066 4371 2262 4426; x_wconf 88' lang='lat' dir='ltr'><strong>merito</strong></span> <span class='ocrx_word' id='word_1_555' title='bbox 2316 4371 2461 4425; x_wconf 79' lang='lat' dir='ltr'><strong>Hexa</strong></span> <span class='ocrx_word' id='word_1_556' title='bbox 2505 4369 2633 4424; x_wconf 87' lang='lat' dir='ltr'><strong>laris</strong></span> <span class='ocrx_word' id='word_1_557' title='bbox 2666 4385 2734 4440; x_wconf 84' lang='lat' dir='ltr'><strong>ap</strong></span> <span class='ocrx_word' id='word_1_558' title='bbox 2806 4368 3046 4436; x_wconf 84' lang='lat' dir='ltr'><strong>llabitur,</strong></span> <span class='ocrx_word' id='word_1_559' title='bbox 3076 4369 3205 4437; x_wconf 77' lang='lat' dir='ltr'><strong>quia</strong></span> <span class='ocrx_word' id='word_1_560' title='bbox 3233 4383 3303 4423; x_wconf 82' lang='lat' dir='ltr'><strong>ex</strong></span> <span class='ocrx_word' id='word_1_561' title='bbox 3334 4352 3627 4438; x_wconf 68' lang='lat' dir='ltr'><strong>LXXvirah</strong></span> <span class='ocrx_word' id='word_1_562' title='bbox 3654 4355 3749 4454; x_wconf 62' lang='lat' dir='ltr'><strong>mn</strong></span> 
     </span>
     <span class='ocr_line' id='line_1_50' title="bbox 554 4425 3715 4511; baseline -0.005 -13"><span class='ocrx_word' id='word_1_563' title='bbox 554 4443 651 4498; x_wconf 87' lang='lat' dir='ltr'><strong>illo</strong></span> <span class='ocrx_word' id='word_1_564' title='bbox 679 4440 1126 4497; x_wconf 85' lang='lat' dir='ltr'><strong>emendatissimo</strong></span> <span class='ocrx_word' id='word_1_565' title='bbox 1161 4440 1216 4493; x_wconf 90' lang='lat' dir='ltr'><strong>in</strong></span> <span class='ocrx_word' id='word_1_566' title='bbox 1249 4438 1503 4509; x_wconf 80' lang='lat' dir='ltr'><strong>llexaplis</strong></span> <span class='ocrx_word' id='word_1_567' title='bbox 1549 4440 1798 4511; x_wconf 88' lang='lat' dir='ltr'><strong>apposito</strong></span> <span class='ocrx_word' id='word_1_568' title='bbox 1824 4441 2055 4497; x_wconf 81' lang='lat' dir='ltr'><strong>fideliter</strong></span> <span class='ocrx_word' id='word_1_569' title='bbox 2082 4441 2407 4511; x_wconf 85' lang='lat' dir='ltr'><strong>descriptus·</strong></span> <span class='ocrx_word' id='word_1_570' title='bbox 2482 4452 2567 4491; x_wconf 73' lang='lat' dir='ltr'><strong>am</strong></span> <span class='ocrx_word' id='word_1_571' title='bbox 2602 4441 2704 4495; x_wconf 82' lang='lat' dir='ltr'><strong>etsi</strong></span> <span class='ocrx_word' id='word_1_572' title='bbox 2787 4439 3140 4496; x_wconf 85' lang='lat' dir='ltr'><strong>heodotionea</strong></span> <span class='ocrx_word' id='word_1_573' title='bbox 3168 4437 3423 4507; x_wconf 62' lang='lat' dir='ltr'><strong>quiedam</strong></span> <span class='ocrx_word' id='word_1_574' title='bbox 3454 4425 3715 4490; x_wconf 51' lang='lat' dir='ltr'><strong>addttam‘ifl</strong></span> 
     </span>
     <span class='ocr_line' id='line_1_51' title="bbox 556 4491 3751 4582; baseline -0.003 -16"><span class='ocrx_word' id='word_1_575' title='bbox 556 4511 662 4566; x_wconf 86' lang='lat' dir='ltr'><strong>sub</strong></span> <span class='ocrx_word' id='word_1_576' title='bbox 693 4510 970 4564; x_wconf 79' lang='lat' dir='ltr'><strong>asteriscis</strong></span> <span class='ocrx_word' id='word_1_577' title='bbox 1007 4510 1210 4563; x_wconf 89' lang='lat' dir='ltr'><strong>inserta</strong></span> <span class='ocrx_word' id='word_1_578' title='bbox 1249 4509 1510 4563; x_wconf 78' lang='lat' dir='ltr'><strong>baberet:</strong></span> <span class='ocrx_word' id='word_1_579' title='bbox 1546 4517 1724 4565; x_wconf 89' lang='lat' dir='ltr'><strong>tamen</strong></span> <span class='ocrx_word' id='word_1_580' title='bbox 1752 4513 1881 4582; x_wconf 84' lang='lat' dir='ltr'><strong>quia</strong></span> <span class='ocrx_word' id='word_1_581' title='bbox 1911 4512 2147 4581; x_wconf 83' lang='lat' dir='ltr'><strong>demptis</strong></span> <span class='ocrx_word' id='word_1_582' title='bbox 2180 4508 2376 4580; x_wconf 86' lang='lat' dir='ltr'><strong>pannis</strong></span> <span class='ocrx_word' id='word_1_583' title='bbox 2401 4504 2529 4571; x_wconf 89' lang='lat' dir='ltr'><strong>illis,</strong></span> <span class='ocrx_word' id='word_1_584' title='bbox 2557 4524 2691 4577; x_wconf 84' lang='lat' dir='ltr'><strong>quos</strong></span> <span class='ocrx_word' id='word_1_585' title='bbox 2726 4511 2830 4566; x_wconf 89' lang='lat' dir='ltr'><strong>sub</strong></span> <span class='ocrx_word' id='word_1_586' title='bbox 2861 4509 3121 4564; x_wconf 87' lang='lat' dir='ltr'><strong>asterisco</strong></span> <span class='ocrx_word' id='word_1_587' title='bbox 3157 4510 3417 4563; x_wconf 85' lang='lat' dir='ltr'><strong>adsuerat</strong></span> <span class='ocrx_word' id='word_1_588' title='bbox 3440 4491 3751 4578; x_wconf 56' lang='lat' dir='ltr'><strong>Adgwwffl&#39;u&#39;·</strong></span> 
     </span>
     <span class='ocr_line' id='line_1_52' title="bbox 558 4562 3750 4648; baseline -0.001 -14"><span class='ocrx_word' id='word_1_589' title='bbox 558 4585 742 4634; x_wconf 80' lang='lat' dir='ltr'><strong>textus</strong></span> <span class='ocrx_word' id='word_1_590' title='bbox 768 4576 1087 4648; x_wconf 80' lang='lat' dir='ltr'><strong>Hexaplaris</strong></span> <span class='ocrx_word' id='word_1_591' title='bbox 1110 4578 1338 4644; x_wconf 87' lang='lat' dir='ltr'><strong>redibat,</strong></span> <span class='ocrx_word' id='word_1_592' title='bbox 1367 4576 1549 4632; x_wconf 86' lang='lat' dir='ltr'><strong>Codex</strong></span> <span class='ocrx_word' id='word_1_593' title='bbox 1578 4578 1874 4637; x_wconf 83' lang='lat' dir='ltr'><strong>chisianus</strong></span> <span class='ocrx_word' id='word_1_594' title='bbox 1901 4582 2204 4638; x_wconf 86' lang='lat' dir='ltr'><strong>rectissime</strong></span> <span class='ocrx_word' id='word_1_595' title='bbox 2229 4574 2551 4644; x_wconf 78' lang='lat' dir='ltr'><strong>Hexaplaris</strong></span> <span class='ocrx_word' id='word_1_596' title='bbox 2588 4579 2820 4636; x_wconf 88' lang='lat' dir='ltr'><strong>dicetur.</strong></span> <span class='ocrx_word' id='word_1_597' title='bbox 2870 4579 2989 4647; x_wconf 87' lang='lat' dir='ltr'><strong>Quo</strong></span> <span class='ocrx_word' id='word_1_598' title='bbox 3039 4586 3254 4648; x_wconf 87' lang='lat' dir='ltr'><strong>spectat</strong></span> <span class='ocrx_word' id='word_1_599' title='bbox 3301 4573 3437 4632; x_wconf 88' lang='lat' dir='ltr'><strong>illud</strong></span> <span class='ocrx_word' id='word_1_600' title='bbox 3478 4562 3750 4630; x_wconf 62' lang='lat' dir='ltr'><strong>literouifm&#39;</strong></span> 
     </span>
    </p>
   </div>
   <div class='ocr_carea' id='block_1_16' title="bbox 559 4625 3750 4788">
    <p class='ocr_par' dir='ltr' id='par_1_16' title="bbox 559 4625 3750 4788">
     <span class='ocr_line' id='line_1_53' title="bbox 566 4625 3750 4719; baseline -0.005 -20"><span class='ocrx_word' id='word_1_601' title='bbox 566 4665 587 4699; x_wconf 72' lang='grc' dir='ltr'>ι</span> <span class='ocrx_word' id='word_1_602' title='bbox 630 4647 721 4702; x_wconf 77' lang='lat' dir='ltr'><strong>Vis</strong></span> <span class='ocrx_word' id='word_1_603' title='bbox 744 4654 954 4702; x_wconf 86' lang='lat' dir='ltr'><strong>amator</strong></span> <span class='ocrx_word' id='word_1_604' title='bbox 991 4662 1110 4702; x_wconf 84' lang='lat' dir='ltr'><strong>esse</strong></span> <span class='ocrx_word' id='word_1_605' title='bbox 1151 4661 1316 4702; x_wconf 80' lang='lat' dir='ltr'><strong>verus</strong></span> <span class='ocrx_word' id='word_1_606' title='bbox 1353 4646 1491 4702; x_wconf 70' lang='lat' dir='ltr'><strong>Lxx</strong></span> <span class='ocrx_word' id='word_1_607' title='bbox 1528 4647 1932 4717; x_wconf 77' lang='lat' dir='ltr'><strong>Interpretunt?</strong></span> <span class='ocrx_word' id='word_1_608' title='bbox 1968 4666 2079 4706; x_wconf 87' lang='lat' dir='ltr'><strong>non</strong></span> <span class='ocrx_word' id='word_1_609' title='bbox 2122 4651 2270 4719; x_wconf 83' lang='lat' dir='ltr'><strong>legas</strong></span> <span class='ocrx_word' id='word_1_610' title='bbox 2292 4660 2377 4712; x_wconf 83' lang='lat' dir='ltr'><strong>ea,</strong></span> <span class='ocrx_word' id='word_1_611' title='bbox 2416 4659 2536 4715; x_wconf 84' lang='lat' dir='ltr'><strong>quae</strong></span> <span class='ocrx_word' id='word_1_612' title='bbox 2569 4649 2672 4704; x_wconf 89' lang='lat' dir='ltr'><strong>sub</strong></span> <span class='ocrx_word' id='word_1_613' title='bbox 2705 4650 2978 4708; x_wconf 85' lang='lat' dir='ltr'><strong>asteriscis</strong></span> <span class='ocrx_word' id='word_1_614' title='bbox 3022 4656 3172 4704; x_wconf 89' lang='lat' dir='ltr'><strong>sunt.</strong></span> <span class='ocrx_word' id='word_1_615' title='bbox 3201 4667 3220 4702; x_wconf 75' lang='grc' dir='ltr'>ι</span> <span class='ocrx_word' id='word_1_616' title='bbox 3259 4647 3365 4716; x_wconf 83' lang='lat' dir='ltr'><strong>Qui</strong></span> <span class='ocrx_word' id='word_1_617' title='bbox 3397 4648 3543 4700; x_wconf 82' lang='lat' dir='ltr'><strong>certe</strong></span> <span class='ocrx_word' id='word_1_618' title='bbox 3565 4625 3750 4688; x_wconf 67' lang='lat' dir='ltr'><strong>asten&gt;cl</strong></span> 
     </span>
     <span class='ocr_line' id='line_1_54' title="bbox 559 4715 1848 4788; baseline 0.004 -17"><span class='ocrx_word' id='word_1_619' title='bbox 559 4716 631 4772; x_wconf 78' lang='lat' dir='ltr'><strong>ab</strong></span> <span class='ocrx_word' id='word_1_620' title='bbox 657 4715 949 4788; x_wconf 79' lang='lat' dir='ltr'><strong>uexaplari</strong></span> <span class='ocrx_word' id='word_1_621' title='bbox 982 4716 1272 4774; x_wconf 81' lang='lat' dir='ltr'><strong>seniorum</strong></span> <span class='ocrx_word' id='word_1_622' title='bbox 1301 4725 1560 4775; x_wconf 81' lang='lat' dir='ltr'><strong>contextu</strong></span> <span class='ocrx_word' id='word_1_623' title='bbox 1600 4717 1848 4777; x_wconf 83' lang='lat' dir='ltr'><strong>aberant.</strong></span> 
     </span>
    </p>
   </div>
   <div class='ocr_carea' id='block_1_17' title="bbox 1647 4830 2719 5020">
    <p class='ocr_par' dir='ltr' id='par_1_17' title="bbox 1647 4830 2719 5020">
     <span class='ocr_line' id='line_1_55' title="bbox 2038 4830 2345 4890; baseline 0.003 -2"><span class='ocrx_word' id='word_1_624' title='bbox 2038 4830 2345 4890; x_wconf 80' lang='lat' dir='ltr'><strong>EJUSDEM</strong></span> 
     </span>
     <span class='ocr_line' id='line_1_56' title="bbox 1647 4941 2719 5020; baseline 0.003 -20"><span class='ocrx_word' id='word_1_625' title='bbox 1647 4943 1918 5017; x_wconf 79' lang='lat' dir='ltr'><strong>Spicilegii</strong></span> <span class='ocrx_word' id='word_1_626' title='bbox 1945 4941 2136 5002; x_wconf 85' lang='lat' dir='ltr'><strong>Biblici</strong></span> <span class='ocrx_word' id='word_1_627' title='bbox 2181 4955 2315 5003; x_wconf 89' lang='lat' dir='ltr'><strong>tom.</strong></span> <span class='ocrx_word' id='word_1_628' title='bbox 2349 4945 2401 5013; x_wconf 90' lang='grc'><strong>1,</strong></span> <span class='ocrx_word' id='word_1_629' title='bbox 2434 4962 2556 5020; x_wconf 82' lang='lat' dir='ltr'><strong>pag.</strong></span> <span class='ocrx_word' id='word_1_630' title='bbox 2593 4947 2719 5005; x_wconf 74' lang='lat'><strong>315.</strong></span> 
     </span>
    </p>
   </div>
   <div class='ocr_carea' id='block_1_18' title="bbox 562 5042 3751 5475">
    <p class='ocr_par' dir='ltr' id='par_1_18' title="bbox 562 5042 3751 5475">
     <span class='ocr_line' id='line_1_57' title="bbox 633 5042 3748 5129; baseline -0.001 -18"><span class='ocrx_word' id='word_1_631' title='bbox 633 5055 998 5127; x_wconf 75' lang='lat' dir='ltr'><strong>Hieronymus</strong></span> <span class='ocrx_word' id='word_1_632' title='bbox 1035 5051 1381 5125; x_wconf 79' lang='lat' dir='ltr'><strong>(Praeiatione</strong></span> <span class='ocrx_word' id='word_1_633' title='bbox 1408 5056 1463 5111; x_wconf 90' lang='lat' dir='ltr'><strong>in</strong></span> <span class='ocrx_word' id='word_1_634' title='bbox 1497 5049 1801 5122; x_wconf 84' lang='lat' dir='ltr'><strong>Da&#39;nielem)</strong></span> <span class='ocrx_word' id='word_1_635' title='bbox 1821 5055 1934 5126; x_wconf 78' lang='lat' dir='ltr'><strong>jam</strong></span> <span class='ocrx_word' id='word_1_636' title='bbox 1973 5055 2104 5110; x_wconf 90' lang='lat' dir='ltr'><strong>olim</strong></span> <span class='ocrx_word' id='word_1_637' title='bbox 2134 5067 2439 5121; x_wconf 88' lang='lat' dir='ltr'><strong>monuerat,</strong></span> <span class='ocrx_word' id='word_1_638' title='bbox 2468 5056 2795 5129; x_wconf 87' lang='lat' dir='ltr'><strong>Prophetam</strong></span> <span class='ocrx_word' id='word_1_639' title='bbox 2838 5057 2986 5115; x_wconf 86' lang='lat' dir='ltr'><strong>bunc</strong></span> <span class='ocrx_word' id='word_1_640' title='bbox 3023 5073 3131 5116; x_wconf 90' lang='lat' dir='ltr'><strong>non</strong></span> <span class='ocrx_word' id='word_1_641' title='bbox 3175 5055 3331 5127; x_wconf 73' lang='lat' dir='ltr'><strong>iuxta</strong></span> <span class='ocrx_word' id='word_1_642' title='bbox 3362 5048 3500 5109; x_wconf 77' lang='lat' dir='ltr'><strong>Lxx</strong></span> <span class='ocrx_word' id='word_1_643' title='bbox 3548 5042 3748 5108; x_wconf 64' lang='grc' dir='ltr'><strong>ῐπῑθΥΡΡῑ·</strong></span> 
     </span>
     <span class='ocr_line' id='line_1_58' title="bbox 562 5103 3751 5199; baseline -0.009 -16"><span class='ocrx_word' id='word_1_644' title='bbox 562 5127 830 5196; x_wconf 75' lang='lat' dir='ltr'><strong>sediuxta</strong></span> <span class='ocrx_word' id='word_1_645' title='bbox 861 5123 1286 5182; x_wconf 73' lang='lat' dir='ltr'><strong>Theodotionem</strong></span> <span class='ocrx_word' id='word_1_646' title='bbox 1319 5125 1589 5184; x_wconf 74' lang='lat' dir='ltr'><strong>Ecclesiae</strong></span> <span class='ocrx_word' id='word_1_647' title='bbox 1650 5126 1846 5195; x_wconf 78' lang='lat' dir='ltr'><strong>legere,</strong></span> <span class='ocrx_word' id='word_1_648' title='bbox 1868 5125 2069 5182; x_wconf 83' lang='lat' dir='ltr'><strong>additis</strong></span> <span class='ocrx_word' id='word_1_649' title='bbox 2098 5133 2279 5183; x_wconf 85' lang='lat' dir='ltr'><strong>tamen</strong></span> <span class='ocrx_word' id='word_1_650' title='bbox 2303 5129 2375 5184; x_wconf 86' lang='lat' dir='ltr'><strong>ab</strong></span> <span class='ocrx_word' id='word_1_651' title='bbox 2412 5128 2645 5199; x_wconf 73' lang='lat' dir='ltr'><strong>Origene</strong></span> <span class='ocrx_word' id='word_1_652' title='bbox 2696 5130 2972 5187; x_wconf 85' lang='lat' dir='ltr'><strong>asteriscis</strong></span> <span class='ocrx_word' id='word_1_653' title='bbox 2997 5137 3052 5186; x_wconf 90' lang='lat' dir='ltr'><strong>et</strong></span> <span class='ocrx_word' id='word_1_654' title='bbox 3078 5128 3273 5184; x_wconf 85' lang='lat' dir='ltr'><strong>obelis.</strong></span> <span class='ocrx_word' id='word_1_655' title='bbox 3302 5123 3380 5180; x_wconf 82' lang='lat' dir='ltr'><strong>Ex</strong></span> <span class='ocrx_word' id='word_1_656' title='bbox 3406 5119 3597 5197; x_wconf 67' lang='lat' dir='ltr'><strong>quihus</strong></span> <span class='ocrx_word' id='word_1_657' title='bbox 3617 5103 3751 5158; x_wconf 69' lang='lat' dir='ltr'><strong>verint</strong></span> 
     </span>
     <span class='ocr_line' id='line_1_59' title="bbox 565 5177 3745 5272; baseline -0.002 -21"><span class='ocrx_word' id='word_1_658' title='bbox 565 5197 816 5266; x_wconf 71' lang='lat' dir='ltr'><strong>arguitur</strong></span> <span class='ocrx_word' id='word_1_659' title='bbox 860 5212 969 5251; x_wconf 90' lang='lat' dir='ltr'><strong>non</strong></span> <span class='ocrx_word' id='word_1_660' title='bbox 1031 5194 1192 5249; x_wconf 86' lang='lat' dir='ltr'><strong>aliam</strong></span> <span class='ocrx_word' id='word_1_661' title='bbox 1257 5195 1427 5251; x_wconf 76' lang='lat' dir='ltr'><strong>luisse</strong></span> <span class='ocrx_word' id='word_1_662' title='bbox 1480 5210 1702 5251; x_wconf 71' lang='lat' dir='ltr'><strong>causam</strong></span> <span class='ocrx_word' id='word_1_663' title='bbox 1732 5210 1832 5250; x_wconf 85' lang='lat' dir='ltr'><strong>eur</strong></span> <span class='ocrx_word' id='word_1_664' title='bbox 1880 5210 2139 5267; x_wconf 84' lang='lat' dir='ltr'><strong>processu</strong></span> <span class='ocrx_word' id='word_1_665' title='bbox 2184 5198 2449 5268; x_wconf 85' lang='lat' dir='ltr'><strong>temporis</strong></span> <span class='ocrx_word' id='word_1_666' title='bbox 2490 5205 2671 5255; x_wconf 86' lang='lat' dir='ltr'><strong>textus</strong></span> <span class='ocrx_word' id='word_1_667' title='bbox 2701 5198 2809 5254; x_wconf 87' lang='lat' dir='ltr'><strong>Pro</strong></span> <span class='ocrx_word' id='word_1_668' title='bbox 2850 5200 2987 5255; x_wconf 80' lang='lat' dir='ltr'><strong>hetae</strong></span> <span class='ocrx_word' id='word_1_669' title='bbox 3022 5215 3087 5256; x_wconf 81' lang='lat' dir='ltr'><strong>ex</strong></span> <span class='ocrx_word' id='word_1_670' title='bbox 3124 5193 3269 5252; x_wconf 74' lang='lat' dir='ltr'><strong>Lxx</strong></span> <span class='ocrx_word' id='word_1_671' title='bbox 3302 5197 3367 5252; x_wconf 88' lang='lat' dir='ltr'><strong>de</strong></span> <span class='ocrx_word' id='word_1_672' title='bbox 3440 5190 3594 5246; x_wconf 75' lang='lat' dir='ltr'><strong>rierst.</strong></span> <span class='ocrx_word' id='word_1_673' title='bbox 3628 5177 3745 5272; x_wconf 54' lang='lat' dir='ltr'><strong>‘lmiff</strong></span> 
     </span>
     <span class='ocr_line' id='line_1_60' title="bbox 565 5252 3748 5358; baseline -0.001 -40"><span class='ocrx_word' id='word_1_674' title='bbox 565 5267 695 5336; x_wconf 84' lang='lat' dir='ltr'><strong>quia</strong></span> <span class='ocrx_word' id='word_1_675' title='bbox 725 5266 976 5322; x_wconf 68' lang='lat' dir='ltr'><strong>lvetionis</strong></span> <span class='ocrx_word' id='word_1_676' title='bbox 1008 5264 1295 5322; x_wconf 83' lang='lat' dir='ltr'><strong>Danielicae</strong></span> <span class='ocrx_word' id='word_1_677' title='bbox 1317 5266 1468 5332; x_wconf 82' lang='lat' dir='ltr'><strong>iuxta</strong></span> <span class='ocrx_word' id='word_1_678' title='bbox 1499 5264 1794 5320; x_wconf 76' lang='lat' dir='ltr'><strong>LXXviros</strong></span> <span class='ocrx_word' id='word_1_679' title='bbox 1841 5267 2254 5325; x_wconf 88' lang='lat' dir='ltr'><strong>desuetudinem</strong></span> <span class='ocrx_word' id='word_1_680' title='bbox 2305 5283 2435 5324; x_wconf 76' lang='lat' dir='ltr'><strong>mox</strong></span> <span class='ocrx_word' id='word_1_681' title='bbox 2488 5279 2779 5325; x_wconf 81' lang='lat' dir='ltr'><strong>consecuta</strong></span> <span class='ocrx_word' id='word_1_682' title='bbox 2836 5270 2977 5325; x_wconf 88' lang='lat' dir='ltr'><strong>uerit</strong></span> <span class='ocrx_word' id='word_1_683' title='bbox 3005 5280 3059 5325; x_wconf 86' lang='lat' dir='ltr'><strong>et</strong></span> <span class='ocrx_word' id='word_1_684' title='bbox 3086 5268 3207 5338; x_wconf 77' lang='lat' dir='ltr'><strong>eius</strong></span> <span class='ocrx_word' id='word_1_685' title='bbox 3234 5263 3374 5334; x_wconf 84' lang='lat' dir='ltr'><strong>Prop</strong></span> <span class='ocrx_word' id='word_1_686' title='bbox 3412 5267 3510 5339; x_wconf 60' lang='lat' dir='ltr'><strong>eta}</strong></span> <span class='ocrx_word' id='word_1_687' title='bbox 3541 5252 3748 5358; x_wconf 53' lang='lat' dir='ltr'><strong>ujssssfflge</strong></span> 
     </span>
     <span class='ocr_line' id='line_1_61' title="bbox 567 5329 3723 5428; baseline -0.005 -37"><span class='ocrx_word' id='word_1_688' title='bbox 567 5335 726 5391; x_wconf 71' lang='lat' dir='ltr'><strong>bandi</strong></span> <span class='ocrx_word' id='word_1_689' title='bbox 752 5337 1073 5399; x_wconf 81' lang='lat' dir='ltr'><strong>desuetudo.</strong></span> <span class='ocrx_word' id='word_1_690' title='bbox 1124 5337 1180 5391; x_wconf 90' lang='lat' dir='ltr'><strong>in</strong></span> <span class='ocrx_word' id='word_1_691' title='bbox 1236 5345 1443 5391; x_wconf 85' lang='lat' dir='ltr'><strong>tantum</strong></span> <span class='ocrx_word' id='word_1_692' title='bbox 1473 5344 1531 5390; x_wconf 93' lang='lat' dir='ltr'><strong>ut</strong></span> <span class='ocrx_word' id='word_1_693' title='bbox 1562 5350 1629 5390; x_wconf 91' lang='lat' dir='ltr'><strong>eo</strong></span> <span class='ocrx_word' id='word_1_694' title='bbox 1666 5334 1879 5391; x_wconf 87' lang='lat' dir='ltr'><strong>tandem</strong></span> <span class='ocrx_word' id='word_1_695' title='bbox 1907 5339 2195 5393; x_wconf 86' lang='lat' dir='ltr'><strong>deventum</strong></span> <span class='ocrx_word' id='word_1_696' title='bbox 2220 5336 2383 5394; x_wconf 82' lang='lat' dir='ltr'><strong>suerit</strong></span> <span class='ocrx_word' id='word_1_697' title='bbox 2423 5346 2483 5393; x_wconf 92' lang='lat' dir='ltr'><strong>ut</strong></span> <span class='ocrx_word' id='word_1_698' title='bbox 2510 5339 2798 5395; x_wconf 76' lang='lat' dir='ltr'><strong>seniorum</strong></span> <span class='ocrx_word' id='word_1_699' title='bbox 2844 5340 3149 5397; x_wconf 84' lang='lat' dir='ltr'><strong>Danielicus</strong></span> <span class='ocrx_word' id='word_1_700' title='bbox 3195 5344 3373 5396; x_wconf 78' lang='lat' dir='ltr'><strong>textus</strong></span> <span class='ocrx_word' id='word_1_701' title='bbox 3409 5329 3723 5428; x_wconf 53' lang='lat' dir='ltr'><strong>rarissimi„</strong></span> 
     </span>
     <span class='ocr_line' id='line_1_62' title="bbox 565 5387 3743 5475; baseline -0.006 -12"><span class='ocrx_word' id='word_1_702' title='bbox 565 5402 740 5460; x_wconf 73' lang='lat' dir='ltr'><strong>ferme</strong></span> <span class='ocrx_word' id='word_1_703' title='bbox 770 5421 868 5475; x_wconf 82' lang='lat' dir='ltr'><strong>pro</strong></span> <span class='ocrx_word' id='word_1_704' title='bbox 895 5407 1177 5474; x_wconf 74' lang='lat' dir='ltr'><strong>deplorato</strong></span> <span class='ocrx_word' id='word_1_705' title='bbox 1208 5406 1537 5469; x_wconf 77' lang='lat' dir='ltr'><strong>haberetur3</strong></span> <span class='ocrx_word' id='word_1_706' title='bbox 1571 5413 1626 5460; x_wconf 90' lang='lat' dir='ltr'><strong>et</strong></span> <span class='ocrx_word' id='word_1_707' title='bbox 1655 5406 1709 5460; x_wconf 88' lang='lat' dir='ltr'><strong>in</strong></span> <span class='ocrx_word' id='word_1_708' title='bbox 1742 5404 1944 5465; x_wconf 79' lang='lat' dir='ltr'><strong>Graecis</strong></span> <span class='ocrx_word' id='word_1_709' title='bbox 1992 5406 2248 5463; x_wconf 86' lang='lat' dir='ltr'><strong>omnibus</strong></span> <span class='ocrx_word' id='word_1_710' title='bbox 2284 5406 2505 5465; x_wconf 86' lang='lat' dir='ltr'><strong>Biblior.</strong></span> <span class='ocrx_word' id='word_1_711' title='bbox 2558 5407 2953 5466; x_wconf 81' lang='lat' dir='ltr'><strong>Lxxviralium</strong></span> <span class='ocrx_word' id='word_1_712' title='bbox 3001 5407 3332 5467; x_wconf 83' lang='lat' dir='ltr'><strong>editionibus</strong></span> <span class='ocrx_word' id='word_1_713' title='bbox 3368 5397 3543 5456; x_wconf 79' lang='lat' dir='ltr'><strong>Daniel</strong></span> <span class='ocrx_word' id='word_1_714' title='bbox 3569 5403 3657 5447; x_wconf 79' lang='lat' dir='ltr'><strong>non</strong></span> <span class='ocrx_word' id='word_1_715' title='bbox 3682 5393 3693 5433; x_wconf 69' lang='grc' dir='ltr'>ί</span> <span class='ocrx_word' id='word_1_716' title='bbox 3722 5387 3743 5424; x_wconf 77' lang='lat'><strong><em>⁶</em></strong></span> 
     </span>
    </p>
   </div>
   <div class='ocr_carea' id='block_1_19' title="bbox 568 5457 3740 5603">
    <p class='ocr_par' dir='ltr' id='par_1_19' title="bbox 568 5457 3740 5603">
     <span class='ocr_line' id='line_1_63' title="bbox 568 5457 3740 5603; baseline -0.012 -53"><span class='ocrx_word' id='word_1_717' title='bbox 568 5473 1358 5603; x_wconf 48' lang='grc' dir='ltr'><strong>[Ἅῑζᾷῗὲυίιιέκξῖνέἓὲἷέἱὶίχ</strong></span> <span class='ocrx_word' id='word_1_718' title='bbox 1388 5473 1683 5544; x_wconf 84' lang='lat' dir='ltr'><strong>dedissent,</strong></span> <span class='ocrx_word' id='word_1_719' title='bbox 1709 5477 1808 5536; x_wconf 87' lang='lat' dir='ltr'><strong>sed</strong></span> <span class='ocrx_word' id='word_1_720' title='bbox 1835 5494 1997 5551; x_wconf 81' lang='lat' dir='ltr'><strong>quem</strong></span> <span class='ocrx_word' id='word_1_721' title='bbox 2029 5475 2368 5534; x_wconf 84' lang='lat' dir='ltr'><strong>Theodotion</strong></span> <span class='ocrx_word' id='word_1_722' title='bbox 2398 5478 2831 5548; x_wconf 82' lang='lat' dir='ltr'><strong>elucubraverat,</strong></span> <span class='ocrx_word' id='word_1_723' title='bbox 2863 5481 2958 5551; x_wconf 87' lang='lat' dir='ltr'><strong>qui</strong></span> <span class='ocrx_word' id='word_1_724' title='bbox 2985 5485 3201 5536; x_wconf 82' lang='lat' dir='ltr'><strong>mature</strong></span> <span class='ocrx_word' id='word_1_725' title='bbox 3229 5471 3514 5532; x_wconf 81' lang='lat' dir='ltr'><strong>admodum</strong></span> <span class='ocrx_word' id='word_1_726' title='bbox 3544 5466 3591 5521; x_wconf 86' lang='lat' dir='ltr'><strong>in</strong></span> <span class='ocrx_word' id='word_1_727' title='bbox 3613 5457 3740 5514; x_wconf 74' lang='lat' dir='ltr'><strong>locum</strong></span> 
     </span>
    </p>
   </div>
   <div class='ocr_carea' id='block_1_20' title="bbox 571 5600 3740 5785">
    <p class='ocr_par' dir='ltr' id='par_1_20' title="bbox 571 5600 3740 5785">
     <span class='ocr_line' id='line_1_64' title="bbox 640 5600 3740 5715; baseline 0 -22"><span class='ocrx_word' id='word_1_728' title='bbox 640 5636 707 5693; x_wconf 83' lang='lat' dir='ltr'><strong>Et</strong></span> <span class='ocrx_word' id='word_1_729' title='bbox 730 5637 929 5708; x_wconf 85' lang='lat' dir='ltr'><strong>eojam</strong></span> <span class='ocrx_word' id='word_1_730' title='bbox 970 5651 1058 5693; x_wconf 83' lang='lat' dir='ltr'><strong>res</strong></span> <span class='ocrx_word' id='word_1_731' title='bbox 1082 5636 1184 5693; x_wconf 83' lang='lat' dir='ltr'><strong>loci</strong></span> <span class='ocrx_word' id='word_1_732' title='bbox 1205 5648 1345 5699; x_wconf 84' lang='lat' dir='ltr'><strong>erat.</strong></span> <span class='ocrx_word' id='word_1_733' title='bbox 1373 5651 1500 5693; x_wconf 86' lang='lat' dir='ltr'><strong>cum</strong></span> <span class='ocrx_word' id='word_1_734' title='bbox 1539 5653 1666 5696; x_wconf 80' lang='lat' dir='ltr'><strong>ecce</strong></span> <span class='ocrx_word' id='word_1_735' title='bbox 1690 5641 1935 5699; x_wconf 81' lang='lat' dir='ltr'><strong>auditum</strong></span> <span class='ocrx_word' id='word_1_736' title='bbox 1974 5640 2077 5696; x_wconf 78' lang='lat' dir='ltr'><strong>init</strong></span> <span class='ocrx_word' id='word_1_737' title='bbox 2102 5654 2246 5696; x_wconf 85' lang='lat' dir='ltr'><strong>anno</strong></span> <span class='ocrx_word' id='word_1_738' title='bbox 2294 5641 2574 5712; x_wconf 85' lang='lat' dir='ltr'><strong>superiore</strong></span> <span class='ocrx_word' id='word_1_739' title='bbox 2601 5641 2654 5697; x_wconf 91' lang='lat' dir='ltr'><strong>in</strong></span> <span class='ocrx_word' id='word_1_740' title='bbox 2683 5639 2943 5698; x_wconf 78' lang='lat' dir='ltr'><strong>chisiano</strong></span> <span class='ocrx_word' id='word_1_741' title='bbox 2989 5640 3281 5700; x_wconf 77' lang='lat' dir='ltr'><strong>seniorum</strong></span> <span class='ocrx_word' id='word_1_742' title='bbox 3334 5625 3591 5715; x_wconf 61' lang='lat' dir='ltr'><strong>qiiantivss</strong></span> <span class='ocrx_word' id='word_1_743' title='bbox 3626 5600 3740 5694; x_wconf 59' lang='lat'><strong>9¹³³</strong></span> 
     </span>
     <span class='ocr_line' id='line_1_65' title="bbox 571 5704 3076 5785; baseline 0.001 -19"><span class='ocrx_word' id='word_1_744' title='bbox 571 5709 773 5767; x_wconf 84' lang='lat' dir='ltr'><strong>Codice</strong></span> <span class='ocrx_word' id='word_1_745' title='bbox 791 5718 1009 5767; x_wconf 75' lang='lat' dir='ltr'><strong>exstare</strong></span> <span class='ocrx_word' id='word_1_746' title='bbox 1045 5704 1413 5765; x_wconf 76' lang='lat' dir='ltr'><strong>LXXviralem</strong></span> <span class='ocrx_word' id='word_1_747' title='bbox 1447 5705 1683 5770; x_wconf 84' lang='lat' dir='ltr'><strong>Danielis</strong></span> <span class='ocrx_word' id='word_1_748' title='bbox 1716 5711 2211 5785; x_wconf 78' lang='lat' dir='ltr'><strong>interpretationem</strong></span> <span class='ocrx_word' id='word_1_749' title='bbox 2241 5728 2271 5766; x_wconf 87' lang='lat' dir='ltr'><strong>a</strong></span> <span class='ocrx_word' id='word_1_750' title='bbox 2304 5711 2712 5770; x_wconf 82' lang='lat' dir='ltr'><strong>Theodotionea</strong></span> <span class='ocrx_word' id='word_1_751' title='bbox 2742 5713 3076 5770; x_wconf 84' lang='lat' dir='ltr'><strong>distinctam.</strong></span> 
     </span>
    </p>
   </div>
   <div class='ocr_carea' id='block_1_21' title="bbox 3826 3790 3832 4313">
    <p class='ocr_par' dir='ltr' id='par_1_21' title="bbox 3826 3790 3832 4313">
     <span class='ocr_line' id='line_1_66' title="bbox 3826 3790 3832 4313; baseline 0 0"><span class='ocrx_word' id='word_1_752' title='bbox 3826 3790 3832 4313; x_wconf 95' lang='lat' dir='ltr'><strong> </strong></span> 
     </span>
    </p>
   </div>
   <div class='ocr_carea' id='block_1_22' title="bbox 3826 4924 3831 5620">
    <p class='ocr_par' dir='ltr' id='par_1_22' title="bbox 3826 4924 3831 5620">
     <span class='ocr_line' id='line_1_67' title="bbox 3826 4924 3831 5620; baseline 0 0"><span class='ocrx_word' id='word_1_753' title='bbox 3826 4924 3831 5620; x_wconf 95' lang='lat' dir='ltr'><strong> </strong></span> 
     </span>
    </p>
   </div>
  </div>
 </body>
</html>
