3967 6217
30 2081 72 2212 ξι-

30 5197 62 5233 ἦ.

79 5183 92 5214 .-

30 5271 92 5716 νᾞἎἹιῖ*

162 396 307 448 2757

1347 387 1745 445 llsszssctELis
1794 387 2023 443 CAPUT
2053 386 2236 442 XLtV.

3265 375 3408 433 2753

160 516 404 580 quatuor
439 504 669 575 angulos
710 503 1112 576 propitiatorii,
1149 512 1202 561 et
1236 521 1400 577 super
1450 506 1605 562 basin
1644 521 1743 576 per
1768 516 1815 574 Α
1846 499 2167 573 injustitiam
2188 516 2367 566 suam,
2397 500 2484 556 11.
2513 509 2569 556 et
2600 504 2761 555 erunt
2793 496 2861 551 in
2884 492 3099 549 Sancus
3130 493 3264 547 meis
3301 491 3408 545 mi.-

159 599 480 664 eircuitum,
509 600 578 667 3(
609 607 665 653 et
694 597 990 668 adsperges
1029 612 1194 669 super
1227 597 1360 654 illud
1389 601 1437 670 ζ,
1463 607 1518 654 et
1548 599 1737 669 expia-

161 691 305 748 bunt
335 689 468 746 illud
492 689 623 759 ;21.
647 698 704 747 et
721 699 937 747 sument
955 691 1213 755 vitulum,
1239 691 1332 762 qui
1361 707 1462 762 pro
1491 701 1736 763 peccato,

159 792 215 837 et
239 782 593 838 comburetur
619 781 675 838 in
695 782 815 838 loco
838 793 1092 854 separato
1109 784 1306 840 domus
1327 793 1480 841 extra
1511 784 1736 841 Sancta.

160 873 255 929 22.
291 871 353 928 Et
382 872 469 929 die
507 875 752 931 secundo
783 885 1003 932 sument
1039 875 1224 932 haedos
1264 875 1405 933 duos
1446 891 1737 946 caprarum

164 965 286 1021 siue
318 966 531 1023 macula
552 980 658 1038 pro
681 975 924 1038 peccato,
946 976 1003 1023 et
1023 968 1321 1038 expiabunt
1350 968 1522 1023 altare
1540 1008 1556 1024 .
1589 965 1740 1023 sicut

166 1055 461 1127 expiarunt
488 1058 545 1114 in
569 1057 768 1114 vitulo.
807 1057 896 1113 23.
926 1057 992 1112 Et
1022 1063 1308 1128 postquam
1342 1060 1423 1128 (n)
1454 1057 1736 1114 absolvisti

166 1149 531 1221 expiationem
551 1192 567 1220 ,
619 1148 851 1205 onerent
887 1148 1115 1206 vitulum
1147 1149 1266 1205 sine
1297 1150 1512 1206 macula
1541 1150 1609 1206 de
1636 1150 1736 1206 bo-

165 1239 292 1306 bus,
307 1249 363 1299 et
380 1240 604 1298 arietem
628 1240 747 1297 sine
765 1243 977 1297 macula
994 1242 1061 1297 de
1079 1241 1293 1307 ovibus,
1310 1240 1406 1296 21.
1422 1250 1476 1296 et
1494 1240 1737 1297 offeretis

166 1347 358 1389 coram
393 1333 624 1389 Domino
663 1352 678 1388 :
715 1342 772 1389 et
806 1341 1096 1405 aspergent
1122 1333 1438 1391 sacerdotes
1467 1349 1635 1404 super
1672 1348 1735 1390 ea

168 1422 285 1489 sal,
323 1432 377 1480 ct
404 1423 633 1481 offert-nt
662 1440 724 1481 ea
758 1425 1074 1481 holocausta
1108 1423 1360 1479 Domino.
1392 1424 1484 1480 25.
1517 1422 1734 1493 Septem

166 1512 362 1570 diebus
389 1515 554 1572 facies
590 1514 801 1570 ltaedum
825 1529 926 1585 pro
955 1513 1178 1585 peccato
1209 1513 1473 1585 quotidie,
1518 1520 1571 1568 et
1597 1514 1739 1567 vitu-

167 1605 280 1662 lnm
310 1622 375 1664 ex
408 1607 606 1672 bobus,
634 1619 690 1663 et
716 1607 938 1664 arietem
960 1622 1026 1662 ex
1052 1605 1244 1662 ovibus
1269 1605 1390 1663 sine
1419 1605 1631 1661 macula
1659 1604 1740 1660 l’a-

166 1696 316 1752 cient
348 1698 444 1754 26.
491 1707 696 1767 septem
735 1699 927 1756 diebus
969 1717 983 1753 z
1034 1708 1089 1754 et
1114 1697 1414 1768 expiabunt
1442 1696 1616 1751 altare
1640 1737 1655 1761 ,
1685 1703 1740 1750 et

170 1787 514 1844 mundabunt
542 1789 695 1853 illud,
727 1803 781 1846 et
804 1789 1106 1861 implebunt
1143 1804 1337 1846 manus
1364 1804 1516 1846 suas.
1546 1787 1637 1842 27.
1670 1788 1737 1854 >κ

1840 592 2157 651 nistrantes.
2195 593 2409 647 ostiarii
2442 605 2608 662 super
2639 587 2811 660 portis
2837 585 3058 649 dnmuS,
3089 594 3145 637 et
3172 580 3406 636 ministri

1838 680 2023 736 domni
2059 700 2075 736 z
2123 681 2213 738 isti
2266 680 2627 737 immolabunt
2659 678 2978 735 holocausta
3000 716 3015 742 ,
3044 682 3099 730 ct
3138 669 3408 727 sacritlcia

1837 774 2059 844 populo,
2085 786 2140 829 et
2170 773 2261 830 isti
2294 774 2516 830 stabunt
2540 781 2667 829 ante
2695 769 2980 841 populum,
3005 774 3063 821 ut
3100 762 3411 819 ministrent

1836 865 1953 931 eis,
1991 865 2078 918 12.
2104 879 2203 935 pro
2235 879 2301 920 eo
2337 863 2483 936 quod
2522 861 2911 919 ministrabant
2949 858 3032 915 eis
3056 864 3182 912 ante
3216 854 3409 908 faciem

1837 953 2109 1009 idolorum
2144 968 2409 1021 suorum;
2437 962 2493 1010 et
2527 953 2731 1009 factum
2761 960 2847 1008 est
2882 948 3069 1006 domui
3102 944 3318 1003 israelis
3351 941 3408 997 in

1838 1052 2170 1101 tormentum
2218 1044 2520 1115 injustitiae.
2549 1046 2779 1115 Propter
2823 1042 2928 1097 boc
2969 1038 3140 1096 levavi
3181 1050 3405 1092 manum

1839 1152 2016 1192 meam
2062 1149 2230 1206 super
2252 1150 2371 1202 eos,
2407 1135 2542 1191 dicit
2583 1134 2852 1190 Dominus
2894 1131 3067 1196 Deus,
3097 1133 3164 1197 3³(
3190 1135 3244 1182 et
3267 1124 3411 1181 acci-

1836 1225 1987 1297 pient
2013 1224 2356 1296 iniquitatem
2390 1239 2547 1281 suam
2584 1224 2608 1294 ζ
2643 1243 2659 1278 2
2706 1223 2798 1278 15.
2827 1230 2883 1277 et
2907 1237 3016 1277 non
3050 1218 3313 1275 accedent
3339 1215 3408 1270 ad

1838 1327 1945 1381 me,
2000 1322 2061 1369 ut
2095 1314 2405 1371 sacerdotio
2438 1312 2738 1381 fungantur
2764 1311 2896 1365 milti
2919 1349 2936 1374 ,
2972 1323 3150 1379 neque
3186 1315 3244 1362 ut
3273 1304 3408 1361 ofic-

1835 1414 1961 1461 rant
1993 1406 2059 1461 ad
2085 1405 2269 1461 omnia
2300 1402 2498 1460 Sancta
2542 1416 2602 1460 -t-
2642 1401 2879 1458 filiorum
2901 1397 3120 1455 israelis
3146 1398 3196 1469 ζ,
3219 1412 3317 1452 nec
3340 1393 3411 1450 ad

1838 1497 2039 1554 Sancta
2072 1497 2403 1553 Sanctorum
2448 1509 2697 1551 meorum
2737 1510 2751 1547 z
2785 1500 2839 1548 et
2874 1491 3144 1561 accipient
3173 1486 3409 1559 ignomi-

1836 1590 1987 1645 niam
2017 1603 2172 1645 suam
2196 1587 2251 1642 in
2271 1601 2478 1649 errore,
2501 1601 2612 1656 quo
2636 1589 2913 1640 errarunt.
2939 1581 3024 1635 u.
3056 1579 3125 1649 (c)
3153 1578 3219 1633 Et
3236 1577 3408 1632 dedu·

1837 1688 1964 1736 cent
1987 1694 2102 1746 eos,
2142 1688 2198 1734 ut
2238 1677 2551 1735 custodiant
2578 1674 2855 1732 custodias
2888 1672 3086 1727 domus
3132 1669 3186 1723 in
3221 1665 3406 1722 omnia

1838 1787 2001 1844 opera
2031 1771 2153 1841 ejus
2176 1810 2192 1834 ,
2227 1779 2282 1827 et
2324 1771 2379 1825 in
2409 1769 2592 1824 omnia
2622 1783 2743 1837 quae
2770 1764 2999 1820 fecerint
3025 1763 3081 1817 in
3112 1776 3174 1816 ea
3204 1760 3289 1814 15.
3316 1771 3408 1812 sa-

169 1875 241 1932 Ει
288 1879 744 1935 consummabunt
771 1881 888 1937 (ἦρε
935 1883 983 1952 2,
1018 1891 1068 1939 ω
1098 1882 1202 1937 em
1231 1897 1261 1936 a
1294 1881 1381 1938 (ηρ
1422 1892 1614 1938 ocimo
1639 1920 1653 1945 ‚
1685 1882 1741 1936 et
1770 1898 1811 1954 B
1844 1864 2090 1921 cerdotes
2134 1862 2213 1932 (d)
2244 1862 2446 1918 Levitae
2496 1860 2592 1916 lilii
2615 1859 2833 1914 Sadduc
2863 1898 2877 1920 ,
2913 1855 3007 1926 qni
3037 1849 3421 1908 custodierunt

168 1967 445 2041 deinceps,
475 1970 1004 2030 facientsacerdotes
1022 1988 1187 2045 super
1209 1974 1382 2029 altare
1416 1974 1734 2030 holocausta

167 2069 377 2122 vestra.
410 2070 464 2115 et
501 2077 622 2132 quae
649 2062 843 2120 salutis
875 2073 1070 2121 vestra».
1114 2082 1129 2119 t
1178 2073 1230 2121 et
1266 2065 1562 2135 suscipiam
1598 2081 1698 2122 vos
1720 2105 1736 2130 ,

131 2148 304 2225 ⁶dicit
336 2149 600 2208 Dominus
638 2151 925 2209 Dominus.

239 2240 373 2312 Cap.
421 2240 608 2298 XLlV.
636 2275 707 2288 -
750 2246 800 2301 1.
837 2245 906 2301 Et
950 2249 1218 2305 convertit
1249 2263 1334 2305 me
1380 2265 1545 2319 super
1594 2249 1737 2305 viam

165 2342 341 2404 portae
387 2332 716 2391 Sanctorum
774 2338 1103 2405 exterioris,
1150 2339 1493 2411 respicientis
1546 2356 1739 2398 versus

166 2426 471 2496 orientem,
506 2435 562 2482 et
599 2431 714 2483 baec
744 2437 862 2485 erat
893 2430 1102 2487 clausa.
1142 2430 1200 2485 2.
1251 2431 1318 2488 Et
1363 2433 1501 2489 dixit
1536 2433 1604 2489 ad
1650 2449 1740 2490 me

167 2515 433 2572 Dominus
476 2517 681 2574 :Porta
717 2520 832 2576 baec
890 2521 1079 2578 clausa
1107 2521 1248 2589 erit,
1281 2539 1389 2580 non
1439 2526 1736 2597 aperietur,

163 2621 270 2663 nec
311 2607 438 2679 quis
484 2609 738 2665 transibit
779 2626 875 2680 per
914 2627 1066 2679 cam,
1110 2614 1239 2684 quia
1281 2616 1550 2672 Dominus
1592 2616 1739 2674 Deus

163 2697 380 2757 israelis
411 2699 744 2770 ingredietur
770 2717 867 2772 per
894 2718 1013 2759 eam
1036 2744 1050 2765 .
1075 2707 1250 2761 eterit
1275 2708 1485 2763 clausa.
1520 2709 1572 2763 3.
1598 2707 1739 2776 Quia

159 2790 276 2847 dux
304 2794 374 2862 χ(
402 2791 653 2864 princeps
682 2793 797 2863 ipse
835 2795 1044 2851 sedebit
1067 2795 1120 2851 in
1154 2812 1239 2864 ea,
1275 2807 1334 2854 ut
1364 2800 1614 2856 comedat
1640 2816 1740 2871 pa-

159 2895 290 2938 nem
322 2879 507 2940 coram
535 2882 769 2941 Domino
809 2903 823 2940 τ
862 2902 1027 2957 super
1052 2887 1193 2944 viam
1230 2889 1307 2962 (x)
1340 2891 1527 2948 AElam
1564 2903 1737 2963 portae

159 2973 523 3045 ingredietur,
559 2984 613 3032 et
658 2992 825 3048 super
860 2979 1003 3036 viam
1040 2979 1160 3051 ejus
1192 2983 1523 3052 egredietur.
1568 2984 1624 3039 4.
1671 2986 1740 3041 Et
1799 3037 1805 3044 ,

159 3065 465 3138 introduxit
488 3083 576 3124 me
604 3071 680 3138 (ιι)
709 3085 875 3141 super
901 3071 1041 3128 viam
1071 3081 1262 3144 portae,
1287 3090 1410 3160 quae
1430 3077 1498 3132 ad
1524 3079 1738 3149 aquilo·

157 3172 287 3214 nem
323 3167 511 3216 contra
552 3160 773 3217 domum
811 3179 826 3217 z
859 3170 917 3217 et
953 3163 1064 3219 ridi
1087 3205 1102 3231 ,
1130 3175 1185 3222 et
1210 3181 1337 3223 ecce
1364 3169 1524 3238 plena
1551 3170 1738 3240 gloriae

1842 1954 2124 2012 custodias
2152 1952 2478 2010 Sanctorum
2508 1965 2752 2006 meorum
2780 1987 2797 2014 ,
2845 1961 2969 2002 cum
2996 1950 3203 1999 erraret
3217 1941 3412 1994 domus

1839 2043 2061 2101 Israelis
2094 2059 2126 2099 a
2158 2059 2247 2099 me
2294 2062 2309 2100 ε
2339 2043 2397 2099 1ιί
2444 2042 2699 2098 accedent
2728 2040 2794 2095 ad
2833 2052 2922 2094 me
2952 2077 2968 2102 ,
3002 2044 3064 2091 ut
3105 2030 3421 2088 ministrent

1841 2137 2000 2203 mibi,
2032 2145 2089 2192 et
2112 2136 2338 2191 stabunt
2359 2149 2545 2191 coram
2572 2132 2711 2190 facie
2746 2146 2864 2187 mea
2885 2170 2900 2196 ,
2934 2137 2994 2185 ut
3018 2125 3250 2183 offerant
3278 2116 3414 2177 milti

1842 2241 1906 2284 -t-
1939 2227 2272 2285 saci-ilicium
2313 2226 2638 2297 1,‚adipem,
2673 2232 2729 2281 et
2766 2222 3106 2293 sanguinem,
3136 2216 3270 2274 dicit
3304 2212 3416 2268 Do-

1840 2319 2026 2375 minus
2047 2318 2213 2375 Deus.
2237 2317 2325 2372 16.
2360 2315 2451 2371 lsti
2487 2314 2861 2386 ingredientur
2881 2312 2935 2367 in
2954 2309 3154 2367 Sancta
3177 2319 3320 2371 mea,
3360 2311 3417 2358 et

1838 2409 1930 2466 isti
1958 2408 2332 2482 ingredientur
2377 2406 2446 2462 ad
2484 2419 2728 2460 mensam
2764 2417 2941 2459 meam
2967 2444 2981 2467 ,
3010 2407 3073 2456 ut
3104 2397 3415 2454 ministrent

1839 2500 1998 2567 milti,
2021 2509 2079 2557 et
2102 2499 2414 2556 custodient
2435 2497 2713 2553 custodias
2743 2509 2915 2551 meas.
2935 2493 3023 2548 17.
3053 2490 3119 2546 Et
3140 2490 3265 2555 erit,
3287 2502 3412 2544 cum

1838 2591 2225 2664 ingrediuntur
2251 2599 2438 2663 portas
2466 2590 2593 2645 atrii
2636 2577 2953 2652 interioris,
2994 2584 3167 2641 stolas
3193 2580 3293 2637 lini
3325 2581 3412 2635 in-

1837 2684 2042 2750 duent,
2077 2699 2188 2739 non
2227 2681 2462 2739 induent
2505 2681 2684 2736 lanam
2716 2723 2732 2748 ,
2767 2677 2989 2751 quando
3024 2674 3335 2732 ministrant
3381 2685 3415 2727 a

1837 2787 1996 2846 porta
2047 2775 2174 2830 atrii
2217 2772 2530 2840 interioris,
2560 2780 2613 2828 et
2644 2774 2712 2840 35<
2754 2769 3084 2827 intrinsecus
3102 2766 3150 2836 ζ.
3209 2763 3299 2820 18.
3338 2760 3411 2834 (ε)

1836 2869 2068 2926 Cidares
2113 2867 2213 2922 lini
2259 2873 2423 2923 erunt
2469 2864 2550 2920 eis
2597 2879 2762 2935 super
2790 2860 3061 2932 capitibus
3093 2871 3282 2913 eorum
3310 2896 3326 2922 ,
3361 2863 3420 2910 et

1836 2961 2180 3033 subligacula
2219 2959 2318 3015 lini
2347 2965 2511 3015 erunt
2546 2957 2627 3012 eis
2657 2971 2824 3027 super
2859 2953 3061 3009 lumbis
3093 2964 3284 3007 eorum
3313 2990 3328 3014 ,
3360 2955 3414 3001 et

1839 3067 1948 3109 non
1978 3067 2038 3108 se
2061 3051 2345 3121 accingent
2373 3050 2439 3121 (s)
2477 3049 2765 3104 violenter.
2799 3048 2884 3103 19.
2919 3044 2986 3099 Et
3006 3041 3226 3114 quando
3255 3055 3413 3110 egre-

1838 3144 2064 3200 (liuntur
2091 3144 2148 3198 in
2183 3143 2381 3198 atrium
2409 3143 2653 3197 exterius
2698 3139 2767 3194 ad
2800 3136 3085 3216 populum,
3121 3149 3180 3189 se
3214 3137 3415 3186 exuent

159 3248 384 3306 Domini
406 3251 602 3308 domus
619 3251 832 3309 Domini
866 3265 954 3311 :et
975 3257 1110 3312 cailo
1127 3273 1289 3327 super
1314 3259 1506 3316 faciem
1532 3277 1732 3318 meam.
1763 3237 1810 3298 C
1841 3236 1998 3292 ⁸²⁰¹i⁸
2022 3235 2167 3300 ⁵⁰³⁸·
2198 3236 2254 3289 5¹¹
2286 3233 2488 3304 quibus
2516 3231 2837 3298 minisu‘a'st
2870 3229 2924 3282 5⁰
2957 3227 3037 3283 0³⁵
3063 3268 3077 3293 ν
3113 3233 3168 3279 ‘³‘
3210 3232 3415 3294 P-⁰¹¹‘⁴'¹¹²

156 3339 215 3397 5.
252 3341 320 3399 Et
347 3342 485 3398 dixit
506 3343 769 3402 Dominus
793 3348 861 3403 ad
904 3363 991 3404 me
1022 3367 1038 3405 z
1070 3349 1173 3406 Fili
1207 3350 1475 3415 bominis,
1508 3352 1738 3424 dispone

155 3438 220 3492 in
253 3446 525 3491 cortuum
550 3477 566 3503 ,
617 3447 671 3493 et
701 3440 824 3494 vide
861 3440 1040 3496 oculis
1071 3442 1181 3497 tuis
1205 3483 1219 3507 ,
1252 3452 1308 3499 et
1355 3443 1580 3500 auribus
1627 3447 1735 3503 tuis

157 3523 289 3580 andi
328 3526 536 3589 omnia.
583 3542 705 3595 quae
733 3543 834 3598 ego
858 3529 1057 3599 loquor
1084 3547 1208 3588 cum
1246 3541 1299 3589 te
1328 3535 1401 3604 (a)
1434 3538 1734 3596 secundum

159 3614 352 3669 omnia
383 3625 646 3686 praecepta
676 3618 876 3676 domus
917 3620 1153 3690 Domini,
1188 3632 1243 3679 et
1279 3628 1460 3682 omnia
1490 3627 1734 3700 legitima

157 3705 305 3775 ejus.
339 3705 407 3760 Et
433 3707 692 3778 dispones
719 3719 989 3768 cortuum
1017 3714 1072 3768 in
1098 3715 1380 3773 introitum
1415 3718 1613 3778 domus
1642 3737 1731 3777 se-

156 3797 402 3853 eundum
438 3813 629 3856 omnes
654 3802 829 3857 exitus
860 3802 1014 3872 ejus,
1042 3816 1092 3861 et
1117 3806 1171 3861 in
1203 3809 1460 3867 omnibus
1488 3810 1729 3870 Sanctis.

156 3886 213 3943 6.
248 3885 315 3942 Et
342 3888 491 3944 dices
519 3904 578 3946 -t-
616 3891 683 3946 ad
705 3892 929 3949 domum
966 3895 1321 3967 {irritantem
1350 3940 1365 3964 ,
1406 3902 1472 3956 ad
1508 3903 1731 3960 domum

155 3977 408 4036 tsi-neum
431 3978 554 4037 lizec
577 3982 710 4038 dicit
720 3982 982 4042 Dominus
1001 3985 1264 4046 Dominus
1291 3989 1562 4049 :Sufficiat
1579 3996 1734 4051 vobis

155 4069 229 4124 de
260 4072 516 4128 omnibus
551 4074 935 4145 iniquitatibus
965 4080 1164 4134 vestris
1185 4122 1201 4148 ‚
1253 4080 1454 4138 domus
1493 4082 1730 4154 israelis,

155 4158 213 4214 7.
250 4177 317 4217 eo
345 4163 489 4232 qnod
525 4164 782 4222 inducitis
825 4167 968 4223 lilios
998 4168 1330 4240 alienigenas
1367 4189 1473 4228 non
1500 4176 1737 4232 circum·

154 4253 309 4306 cisos
346 4255 532 4319 corde,
582 4264 636 4310 et
675 4272 782 4311 non
809 4258 1168 4315 circumcisos
1204 4276 1369 4316 carne
1391 4300 1406 4324 ,
1442 4271 1504 4318 ut
1536 4264 1648 4319 sint
1680 4266 1734 4322 in

156 4340 380 4396 Sanctis
414 4341 573 4407 meiS,
599 4352 654 4398 et
681 4345 1047 4414 profanabant
1074 4363 1160 4414 ea,
1195 4364 1319 4404 cum
1343 4349 1552 4407 offertis
1569 4367 1737 4423 panes

156 4443 319 4486 meos
344 4471 360 4496 ,
394 4429 608 4499 adipem
637 4472 651 4496 ,
679 4438 734 4486 et
761 4433 1080 4502 sangninem
1113 4452 1127 4488 :
1163 4444 1219 4492 et
1246 4439 1574 4508 transgressi
1602 4440 1736 4496 estis

155 4525 549 4574 testamentum
602 4533 784 4574 meum
832 4521 888 4573 in
920 4523 1176 4578 omnibns
1227 4524 1606 4596 iniquitatibus
1642 4544 1736 4585 ve-

1840 3342 1935 3384 eas
1966 3328 2023 3383 in
2050 3325 2267 3382 exedris
2298 3325 2631 3379 Sanctorum
2659 3363 2675 3388 ,
2699 3329 2753 3376 et
2778 3319 3005 3374 induent
3039 3316 3208 3370 stolas
3241 3313 3376 3367 alias
3395 3350 3411 3373 ,

1836 3429 1893 3476 et
1919 3419 1995 3491 (q)
2026 3433 2134 3473 non
2160 3415 2579 3476 sanctificabunt
2610 3409 2868 3485 populum
2890 3411 2945 3464 in
2971 3408 3128 3465 stolis
3157 3406 3292 3462 suis.
3319 3403 3413 3458 20.

1837 3512 1906 3565 Et
1940 3509 2120 3580 capita
2179 3523 2278 3564 sua
2313 3521 2422 3563 non
2466 3505 2725 3568 tondent,
2764 3512 2819 3557 et
2856 3500 3082 3572 capillos
3129 3512 3260 3553 suos
3306 3509 3413 3549 ιιοιι

1838 3603 2065 3666 radent,
2095 3600 2344 3671 operient
2373 3598 2553 3668 capita
2580 3610 2703 3653 sua.
2739 3594 2830 3649 21.
2859 3592 2924 3647 Ει
2962 3592 3152 3646 vinum
3186 3602 3297 3643 non
3327 3585 3413 3641 bi·

1836 3694 1972 3750 bent
1990 3693 2171 3749 omnis
2190 3690 2468 3755 sacerd05,
2496 3686 2715 3759 quando
2738 3686 3117 3756 ingrediuntur
3140 3683 3193 3737 in
3218 3680 3412 3736 atrium

1836 3784 2084 3842 interius,
2118 3782 2207 3837 22.
2234 3780 2300 3838 Et
2329 3781 2571 3844 viduam,
2599 3786 2653 3834 et
2679 3778 3020 3848 repudiatam
3054 3789 3163 3829 non
3196 3778 3415 3828 sument

1835 3874 1939 3929 sibi
1966 3874 2023 3929 in
2050 3888 2272 3942 uxores,
2303 3872 2395 3928 scd
2420 3871 2684 3941 virginem
2712 3884 2742 3923 e
2776 3868 2983 3921 semine
3013 3865 3213 3919 domus
3243 3861 3415 3916 lsrae-
3485 3929 3492 3936 ⁸

1837 3966 1905 4021 lis
1936 3982 1949 4018 :
1993 3972 2048 4021 et
2078 3964 2318 4029 viduam,
2354 3963 2399 4016 si
2436 3962 2600 4016 fuerit
2634 3963 2700 4027 3³(
2738 3959 2898 4012 vidua
2945 3956 2968 4024 ζ
3002 3956 3068 4008 de
3105 3952 3412 4012 sacerdote,

1837 4066 2081 4113 sument.
2111 4056 2203 4109 25.
2232 4054 2298 4110 Et
2326 4054 2588 4124 populum
2616 4064 2800 4104 meum
2826 4050 3098 4103 docebunt
3128 4049 3265 4100 inter
3287 4060 3417 4100 san·

1837 4156 1984 4204 ctum
2019 4156 2072 4201 et
2098 4145 2388 4216 profanum
2415 4185 2429 4209 ,
2463 4153 2517 4197 et
2552 4144 2693 4196 inter
2722 4154 2835 4195 non
2881 4139 3144 4194 mundum
3172 4146 3227 4192 et
3258 4153 3416 4192 mun·-

1838 4237 1971 4291 dum
2017 4235 2299 4307 cognitum
2338 4233 2540 4288 sacient
2583 4233 2686 4288 eis.
2720 4231 2826 4288 21..
2852 4229 2918 4285 Ει
2949 4230 3015 4285 de
3045 4229 3256 4299 judicio
3290 4243 3417 4283 sau·

1837 4329 2020 4402 guinis
2042 4328 2145 4399 ipsi
2171 4327 2391 4383 stabunt
2420 4325 2488 4381 ad
2514 4322 2934 4382 discernendum
2962 4341 2974 4377 :
2996 4320 3416 4392 justificationes

1838 4436 1994 4478 meas
2028 4419 2496 4491 -t-justilicabunt
2535 4420 2583 4489 ζ.
2612 4426 2667 4473 et
2688 4417 2899 4488 judicia
2929 4430 3045 4470 mea
3066 4413 3412 4485 judicabunt,

1839 4520 1895 4568 et
1934 4511 2174 4584 legitima
2212 4528 2331 4567 mea
2358 4551 2372 4575 ,
2404 4520 2459 4567 et
2498 4517 2766 4581 praecepta
2799 4523 2919 4563 mea
2948 4508 3002 4562 in
3034 4505 3289 4572 omnibus
3323 4519 3415 4558 so·
3453 4487 3469 4550 ι’

156 4607 312 4671 stris,
333 4607 388 4662 8.
416 4609 485 4677 3⁸(
511 4617 564 4664 et
589 4623 694 4664 non
722 4609 1058 4667 custodiistis
1077 4614 1384 4670 custodiam
1408 4613 1733 4675 saneim-um
1768 4568 1813 4625 D
1839 4603 2199 4660 lennitatibus
2227 4604 2362 4660 meis
2397 4602 2726 4666 custodient,
2757 4609 2810 4655 ct
2833 4600 3059 4656 sabbata
3101 4614 3219 4653 mea
3253 4612 3415 4652 sanc-

155 4710 406 4754 meorum
458 4698 507 4769 ζ,
547 4707 601 4754 et
636 4697 984 4769 disposuistis
1013 4701 1291 4758 custodire
1338 4705 1616 4761 custodias
1675 4705 1732 4762 in
1833 4695 2138 4752 tilicabunt.
2167 4695 2257 4750 25.
2290 4694 2356 4749 Et
2377 4709 2542 4765 super
2571 4693 2810 4749 animam
2834 4690 3074 4746 bominis
3099 4705 3205 4743 ιιοιι
3231 4687 3415 4757 ingre.-

159 4787 378 4845 Ssnetis
421 4790 580 4847 meis.
625 4790 681 4847 9.
725 4788 955 4860 Propter
982 4791 1087 4847 hoc
1128 4792 1245 4848 haec
1280 4792 1417 4850 dicit
1467 4794 1731 4851 Dominus
1830 4787 2070 4853 dicutur,
2097 4785 2164 4842 ad
2190 4785 2542 4857 polluendum
2567 4800 2646 4851 se,
2671 4784 2762 4840 sed
2783 4798 2946 4852 snper
2970 4790 3141 4852 patre,
3175 4787 3229 4834 et
3252 4791 3418 4842 super

158 4879 425 4935 Dominus
458 4894 474 4935 ε
508 4881 701 4938 Omnis
730 4881 874 4938 lilius
901 4882 1207 4954 alienigena
1236 4882 1316 4956 (a)
1351 4900 1462 4940 non
1485 4885 1729 4943 circum·
1825 4888 2021 4944 matre,
2047 4887 2102 4935 et
2126 4893 2288 4949 super
2314 4878 2445 4943 lilio,
2472 4887 2526 4933 et
2555 4892 2718 4947 super
2746 4875 2853 4930 tilia
2880 4915 2896 4941 ,
2926 4881 2980 4928 et
3014 4885 3181 4941 super
3213 4868 3406 4934 fratre,

157 4967 312 5023 cisus
338 4969 522 5034 corde,
547 4987 646 5027 ncc
668 4973 1027 5029 circumcisus
1052 4989 1237 5038 carne,
1263 4989 1371 5030 non
1396 4973 1727 5047 ingredietur
1831 4978 1887 5026 et
1904 4984 2066 5040 super
2091 4984 2279 5026 sorore
2302 4984 2419 5030 sua.
2441 4984 2561 5039 quse
2583 4982 2689 5023 non
2708 4966 2808 5022 fuit
2824 4965 2940 5021 viro
2958 5004 2974 5031 ,
2993 4978 3051 5019 se
3070 4961 3293 5033 polluet.
3315 4960 3409 5014 211.

155 5054 217 5110 in
246 5056 448 5116 Sancta
476 5076 598 5118 mea
626 5062 679 5117 in
707 5063 966 5120 omnibus
999 5064 1127 5120 liliis
1151 5064 1602 5136 alienigenarum,
1631 5066 1726 5137 qui

155 5159 293 5209 sunt
323 5150 378 5206 in
413 5150 595 5207 medio
638 5152 837 5209 domus
861 5153 1109 5220 israelis,
1142 5155 1230 5211 10.
1273 5155 1348 5227 (b)
1382 5156 1476 5212 sed
1509 5154 1729 5226 Levitae,

154 5243 255 5315 qui
289 5254 633 5302 recesserunt
658 5260 690 5302 a
729 5261 848 5313 me,
882 5261 1007 5302 cum
1038 5259 1245 5304 erraret
1287 5245 1451 5304 lsrael
1480 5288 1497 5314 ,
1531 5252 1598 5320 ζα(
1635 5253 1729 5322 qui

156 5346 417 5392 errarunt
440 5335 465 5406 ζ
490 5351 522 5392 a
545 5352 633 5394 me
661 5346 787 5408 post
816 5337 1172 5404 copitationes
1201 5355 1356 5406 suas,
1382 5349 1437 5397 et
1466 5342 1732 5413 accipient

229 5479 283 5546 (u
328 5478 459 5535 Com

157 5550 237 5623 (b)
261 5485 350 5617 ἐ,
383 5561 438 5604 et
465 5496 508 5604 ἱ

1837 5060 1902 5118 Et
1923 5072 2209 5134 postquam
2229 5062 2523 5116 mundatus
2545 5058 2728 5125 suerit,
2744 5065 2948 5128 septem
2967 5054 3086 5111 dies
3107 5050 3418 5108 numerabit

1837 5155 1953 5226 ipse
1985 5155 2112 5211 sibi.
2146 5155 2236 5209 27.
2270 5155 2335 5209 Et
2355 5154 2442 5210 die
2465 5167 2576 5223 quo
2608 5149 2947 5221 ingrediatur
2974 5148 3042 5216 ³<
3069 5144 3123 5199 in
3155 5142 3393 5199 Sanctus

1835 5250 1979 5303 rium
2036 5248 2060 5318 ζ
2114 5249 2169 5303 in
2209 5248 2410 5302 atrium
2456 5244 2726 5306 interius,
2771 5241 2838 5297 ad
2890 5235 3312 5294 ministrandum
3358 5235 3411 5289 in

1838 5340 2065 5406 Sancto,
2088 5340 2274 5395 oll'eret
2296 5338 2685 5411 expiationem,
2706 5334 2837 5390 dicit
2859 5330 3122 5386 Dominus
3144 5327 3219 5400 (Ιι)
3246 5326 3411 5391 Deus,

499 5479 610 5535 leta
641 5489 774 5565 est..
823 5480 901 5553 (x)
923 5481 1008 5566 S.,
1028 5484 1303 5543 vestibuli.
1345 5485 1636 5557 (ιη-ἴημα·
1651 5486 1816 5543 viam.
1859 5485 1933 5557 (ι)
1954 5486 2037 5552 S.,
2062 5485 2150 5542 de.
2193 5483 2272 5606 ,φὶ
2297 5482 2382 5549 S.,
2404 5497 2509 5537 non
2529 5493 2699 5552 purus
2713 5477 2897 5542 corde,
2913 5488 3014 5530 nec
3034 5483 3408 5544 purnscarne.

510 5549 666 5606 evitae
687 5566 857 5614 emm,
893 5569 987 5623 qut
1017 5554 1205 5625 procul
1239 5554 1462 5612 luerunt
1488 5572 1518 5612 a
1547 5572 1652 5624 me,
1694 5573 1820 5614 eum
1844 5565 2094 5613 errarent
2134 5555 2227 5610 ΓιΙιι

2279 5554 2492 5616 sraelis,
2522 5551 2615 5624 qui
2667 5555 2923 5603 errarunt
2943 5559 2970 5598 a
3001 5559 3107 5604 me,
3141 5549 3199 5597 nt
3225 5539 3413 5603 adbae-

153 5628 441 5677 rese-erent
463 5619 627 5686 idolis
657 5622 797 5688 suiS,
822 5622 1092 5692 accipient
1120 5624 1460 5707 iniquitatem
1493 5642 1671 5684 suam.
1753 5627 1823 5710 (c)
1848 5626 1937 5693 S.,
1964 5625 2208 5696 disposui
2252 5638 2348 5677 cos
2374 5622 2519 5677 enim
2576 5617 2832 5676 custodes
2877 5613 3140 5698 custodiar
3186 5612 3404 5666 doninus.

153 5693 239 5760 (d)
269 5690 488 5746 Autem.
571 5691 641 5762 (e)
677 5689 758 5756 S.,
800 5702 1124 5749 (scitamenta
1156 5694 1251 5750 lint
1297 5706 1479 5751 erunt.
1556 5695 1623 5768 (f)
1674 5695 1757 5761 S.,
1807 5712 1861 5751 ιιι
1903 5695 2123 5751 sudoro.
2203 5693 2277 5763 (a)
2312 5692 2395 5758 S.,
2454 5706 2561 5746 non
2621 5694 2803 5753 erunt,
2846 5682 3250 5764 sanctificantes
3280 5693 3410 5735 curn

153 5770 309 5824 sunt,
336 5763 686 5843 cnm-populo
718 5763 772 5818 in
804 5763 1142 5822 vestimentis
1166 5765 1544 5839 saecularibus,
1568 5783 1667 5825 nec
1697 5767 1961 5839 capillum
1997 5766 2333 5836 relinquent,
2393 5763 2485 5820 scd
2539 5758 2780 5819 radendo
2838 5756 3026 5814 radent
3071 5761 3251 5824 capita
3285 5765 3411 5809 sua.

158 5829 242 5894 (Ιι)
267 5828 505 5889 Adonai.
