3967 6217
515 370 659 428 2‘63
1584 367 1814 427 conssx
1854 366 1938 424 sY
1949 363 2648 428 atace·t{ExAP1.AntS.
3648 375 3817 434 2763

520 489 603 544 sal
627 486 753 543 data
775 492 925 550 sunt,
960 483 1049 539 12.
1074 491 1127 539 et
1156 497 1321 554 super
1343 480 1508 538 fluvio
1543 477 1622 554 (li)
1653 481 1909 538 ascendet
1926 493 2091 551 super
2117 483 2165 541 Α
2190 483 2269 536 ea·
2302 465 2425 552 quae
2450 482 2515 538 ad
2547 497 2732 548 mare,
2769 482 2844 556 (ο)
2887 493 3050 542 eruut
3078 487 3331 558 primitia:
3366 491 3775 561 separationis
3796 517 3817 546 ι

518 577 667 634 labio
691 576 813 647 ejus
855 575 984 630 binc
1015 581 1070 631 et
1107 575 1233 631 inde
1275 588 1437 630 omne
1476 573 1684 645 lignum
1726 572 2087 635 esculentum.
2193 572 2383 644 viginti
2429 582 2486 630 et
2538 575 2784 646 quinque
2837 573 3006 632 millia
3053 578 3325 644 latitudo,
3377 590 3436 638 et
3493 583 3815 653 tongtmdo

519 682 631 725 non
659 674 960 724 veterascet
1002 681 1167 737 super
1206 680 1296 730 eo,
1348 680 1525 736 neque
1576 665 1792 721 deliciet
1832 682 1846 719 ε
1880 665 2089 719 fructus
2192 665 2334 720 sicut
2386 680 2492 721 una
2533 680 2600 723 ex
2658 668 2907 737 partibus
2953 668 3021 725 ab
3058 670 3125 726 iis
3161 686 3284 741 quae
3327 672 3396 727 ad
3460 673 3808 740 orientem,

520 761 643 832 ejus
674 760 931 817 novitatis
962 758 1231 831 primitias
1250 758 1422 823 dabit,
1454 757 1586 828 quia
1616 771 1773 827 aquae
1799 770 1991 811 eorum
2022 770 2089 809 ex
2190 764 2246 811 et
2291 772 2465 830 usque
2528 760 2595 814 ad
2637 774 2700 816 ea
2747 775 2871 830 qum
2907 760 2973 816 ad
3010 776 3160 818 mare
3198 781 3213 817 τ
3248 772 3304 817 et
3345 763 3454 818 crit
3500 763 3811 820 sanctua-

468 839 477 914 ἔ
523 851 853 907 sanctuario
899 851 983 906 hae
1006 849 1384 920 egrediuntur,
1418 858 1475 905 et
1501 848 1606 905 erit
1639 848 1852 904 fructus
1896 861 2087 902 eorum
2191 848 2333 903 rium
2365 849 2419 904 in
2470 849 2646 906 medio
2691 864 2907 909 eorum.
2942 852 3042 924 (9).
3080 852 3336 910 Primitiae
3360 893 3377 918 ,
3417 869 3574 926 quas
3626 872 3809 927 sepa·

471 935 477 984 3
519 938 574 991 in
602 936 806 1004 cibum,
837 946 891 993 et
913 952 1132 1009 germen
1174 951 1364 994 eorum
1395 938 1451 993 in
1496 937 1806 994 sanitatem.
1840 936 1927 992 15.
1963 935 2090 992 Haee
2190 939 2389 996 rabunt
2421 939 2652 997 Domino
2675 943 3001 1014 ,longitudo
3036 943 3277 1016 quinque
3313 955 3368 1002 et
3422 946 3640 1018 viginti
3676 949 3807 1003 mil-

463 1009 473 1106 ξ
516 1028 652 1084 dicit
692 1028 954 1085 Dominus
981 1029 1169 1086 Deus:
1204 1029 1270 1086 Hi
1303 1037 1432 1085 sunt
1466 1029 1686 1085 termini
1725 1037 1905 1095 terrae,
1947 1043 2088 1098 quos
2190 1028 2295 1093 lia,
2325 1039 2379 1085 et
2419 1029 2647 1086 latitudo
2672 1030 2746 1104 (p)
2790 1033 2976 1089 decem
3005 1034 3194 1090 millia.
3240 1035 3326 1091 10.
3374 1035 3604 1092 tiorum
3632 1049 3805 1094 erunt

517 1119 930 1186 haereditamus,
951 1121 1239 1178 duodecim
1263 1121 1515 1177 tribubus
1542 1117 2086 1190 illiorumlsraeliso')
2190 1119 2443 1190 primitiae
2506 1122 2832 1204 Sanctorum
2894 1125 3239 1182 sacerdotum
3305 1126 3374 1182 ad
3434 1131 3800 1200 septentrio·

517 1220 867 1282 augmentum
927 1211 1178 1269 funiculi.
1242 1213 1329 1269 u.
1379 1212 1447 1268 Et
1514 1210 1906 1267 baereditabitis
1963 1225 2085 1265 eam
2189 1225 2314 1265 nem
2358 1210 2597 1283 quinque
2634 1221 2687 1269 et
2725 1214 2929 1285 ,viginti
2972 1216 3181 1282 millia,
3226 1227 3285 1273 et
3325 1217 3397 1273 ad
3447 1234 3626 1275 mare
3685 1221 3789 1274 lati-

517 1306 924 1375 unusquisque,
963 1314 1104 1361 sicut
1150 1304 1320 1360 irater
1356 1304 1497 1372 ejus,
1528 1319 1692 1375 super
1717 1317 1884 1375 quam
1914 1303 2086 1359 levavi
2128 1373 2137 1380 ⁶
2189 1302 2320 1359 tudo
2371 1304 2557 1359 decem
2609 1305 2777 1362 miliia
2803 1347 2819 1372 ,
2846 1295 2938 1376 ’Χ
2994 1317 3059 1364 et
3099 1309 3166 1364 ad
3212 1309 3482 1365 orientem
3548 1310 3781 1366 latito·

2187 1392 2375 1447 decem
2413 1392 2577 1448 miliia
2611 1394 2658 1463 ζ,
2690 1403 2743 1451 et
2771 1395 2838 1451 ad
2877 1406 3127 1452 austrum
3173 1396 3459 1468 iongitudo
3490 1399 3717 1468 viginti
3750 1411 3795 1454 et

2188 1483 2428 1555 quinque
2450 1485 2639 1553 millia,
2666 1487 2738 1558 (q)
2764 1497 2817 1543 et
2839 1488 2943 1543 erit
2963 1504 3122 1545 muns
3150 1487 3481 1546 Sanctorum
3512 1491 3583 1545 in
3616 1492 3795 1548 medis

2187 1574 2307 1646 ejus
2347 1575 2432 1630 11.
2479 1578 2889 1646 sacerdotibuS,
2922 1581 3274 1638 sanctificatis
3330 1580 3461 1638 filiis
3512 1582 3791 1647 Sadduc,

2188 1665 2620 1724 custodientibus
2660 1670 2939 1727 custodias
2965 1670 3196 1738 domus,
3229 1672 3326 1743 qui
3360 1687 3477 1728 non
3519 1687 3797 1729 err-arur

2190 1757 2245 1812 in
2278 1769 2463 1812 errore
2487 1757 2725 1813 filiorum
2754 1754 2989 1826 israelis,
3018 1760 3486 1831 quemadmodum
3516 1771 3795 1818 errarunt

2187 1849 2404 1907 Levitae.
2450 1849 2538 1905 12.
2570 1850 2638 1906 Et
2662 1859 2824 1907 erunt
2864 1850 2945 1908 eis
2971 1851 3229 1922 primitiae
3247 1852 3388 1908 datae
3408 1867 3481 1907 ex
3515 1852 3795 1922 primitiis

2185 1947 2362 2004 terrm,
2396 1938 2656 1997 Sanctum
2692 1939 3018 1997 Sanctorum
3045 1941 3113 1998 de
3145 1942 3395 1998 terminis
3419 1941 3787 1999 Levitarum.

516 1411 741 1451 manum
775 1411 972 1460 meam,
998 1397 1064 1451 ad
1094 1396 1335 1451 dandum
1359 1411 1479 1452 eam
1502 1395 1752 1467 patribus
1777 1410 1968 1453 eorum
1996 1404 2088 1452 :et

516 1486 676 1542 cadet
714 1495 859 1542 terra
908 1487 1024 1542 baec
1062 1486 1216 1542 vobis
1256 1488 1310 1541 in
1359 1487 1752 1543 haereditatem.
1797 1487 1885 1543 15.
1931 1486 1999 1543 Ει
2029 1487 2085 1543 bi

516 1577 742 1634 termini
779 1588 959 1644 terrae,
1004 1595 1128 1650 quoe
1152 1579 1220 1634 ad
1270 1579 1601 1650 aquilonem,
1634 1595 1666 1635 a
1709 1582 1844 1636 mari
1888 1596 2086 1652 magno

514 1669 883 1726 descendente
908 1678 963 1726 et
985 1669 1345 1737 discindente‚
1380 1672 1634 1731 introitus
1662 1673 1858 1742 Sedad,
1887 1675 1974 1729 16.
2013 1674 2084 1745 (k)

516 1757 775 1826 Ramath,
801 1758 1348 1831 Berutbsepharvaim
1377 1763 1517 1820 inter
1544 1765 1806 1822 terminos
1833 1765 2085 1822 Damasci

515 1859 571 1906 et
603 1849 744 1908 inter
767 1852 1031 1909 terminos
1058 1850 1310 1921 Hamatb,
1343 1856 1544 1911 atrium
1568 1854 1630 1926 (Ι)
1662 1855 1930 1923 Tbichon,
1961 1871 2084 1927 quae

514 1950 826 2014 suntsupra
850 1944 1117 2001 terminos
1149 1943 1395 2001 Hauran.
1429 1947 1515 2002 17.
1538 1946 1834 2003 ilitermini
1857 1963 1889 2003 a
1910 1950 2078 2004 mari:

512 2033 584 2092 ab
611 2035 752 2091 atrio
781 2035 985 2101 dinan,
1025 2038 1242 2093 termini
1268 2037 1543 2106 Damasci,
1567 2051 1620 2095 et
1650 2041 1743 2111 qui
1772 2041 1840 2097 ad
1873 2042 2086 2113 aquilo-

512 2140 641 2182 nem
673 2129 742 2197 )t(
784 2142 949 2198 super
989 2129 1325 2199 aquilonem,
1355 2140 1409 2187 et
1430 2132 1699 2187 terminus
1728 2132 1824 2205 (m)
1857 2135 1927 2202 Ἀ(
1955 2133 2083 2188 Asi·

515 2217 686 2284 moth,
716 2226 770 2273 et
797 2218 1066 2275 terminus
1095 2222 1504 2291 septentrionis.
1539 2222 1630 2278 18.
1661 2220 1866 2279 Versus
1888 2222 2083 2279 faciem

513 2307 743 2363 orientis
784 2307 807 2378 ζ
837 2308 979 2365 inter
1010 2308 1252 2378 Hauran,
1282 2322 1337 2369 et
1363 2312 1505 2370 inter
1535 2312 1886 2381 Damascum,
1915 2323 1971 2371 et
2002 2314 2087 2370 in-

513 2404 597 2451 ter
619 2394 1017 2467 Galaaditiden,
1057 2407 1114 2455 et
1141 2400 1284 2456 inter
1312 2411 1512 2459 terram
1552 2400 1790 2468 Israelis,
1828 2401 2085 2462 Iordanis

516 2485 864 2545 disterminat
889 2505 1055 2561 super
1077 2508 1251 2558 mare,
1283 2493 1428 2564 quod
1449 2495 1518 2550 ad
1554 2496 1819 2552 orientem
1841 2497 2080 2567 palmeti.

520 2576 586 2633 lli
614 2581 708 2650 qui
737 2580 811 2649 ,ad
838 2582 1129 2641 orientem.
1157 2585 1245 2641 19.
1286 2586 1467 2657 thui
1496 2587 1562 2643 ad
1593 2597 1843 2644 austrum
1865 2597 1920 2645 et
1951 2588 2085 2645 airi-

513 2682 638 2724 cum
671 2685 701 2725 a
755 2668 1037 2740 Tltaemari,
1073 2689 1132 2730 -t-
1178 2684 1232 2731 et
1270 2677 1508 2746 palmeto
1550 2692 1722 2748 usque
1766 2679 1833 2734 ad
1884 2694 2082 2750 aquam

2184 2313 2240 2361 et
2257 2303 2487 2360 latitudo
2505 2304 2689 2359 decem
2711 2303 2900 2360 millia.
2933 2305 3018 2360 ss.
3048 2302 3165 2360 Non
3190 2304 3460 2360 vendetur
3491 2323 3561 2362 ex
3597 2309 3706 2372 eis,
3734 2323 3789 2363 et

2185 2393 2255 2468 (r)
2278 2410 2382 2450 non
2405 2395 2886 2461 mensurabuntur,
2918 2410 3021 2452 nec
3048 2395 3457 2467 separabuntur
3487 2396 3561 2469 (ε)
3587 2399 3789 2468 primi-

2186 2487 2277 2543 tiae
2304 2495 2669 2559 proventuum
2708 2496 2891 2551 terrae,
2919 2487 3050 2559 quia
3080 2485 3340 2543 Sanctum
3386 2497 3479 2543 est
3512 2486 3775 2545 Domino.

2185 2578 2274 2632 15.
2316 2575 2564 2649 Quinque
2588 2587 2770 2635 autem
2797 2577 2967 2634 millia
2993 2577 3265 2650 superflua
3297 2594 3420 2650 quae
3442 2594 3626 2651 super
3656 2580 3779 2637 lati-

2186 2668 2373 2724 tudine
2398 2683 2563 2738 super
2591 2668 2779 2740 viginti
2805 2679 2861 2725 et
2878 2669 3119 2741 quinque
3141 2667 3404 2737 millibus,
3428 2673 3779 2728 antemurale

2186 2029 2271 2084 13.
2298 2027 2499 2086 Levitis
2525 2039 2704 2086 autem
2738 2045 2861 2100 quae
2877 2031 3182 2101 propinqua
3231 2029 3489 2086 terminis
3516 2030 3798 2087 Sacerdo-
3906 2007 3908 2056 ἶ

2184 2132 2320 2188 tum,
2335 2123 2638 2194 quinqueet
2660 2122 2851 2193 viginti
2873 2122 3039 2178 millia
3061 2121 3340 2194 longitudo
3355 2131 3408 2177 ct
3429 2122 3795 2180 latitudode-

2183 2228 2301 2269 cem
2313 2213 2511 2270 millia:
2533 2214 2713 2270 omnis
2724 2213 3009 2284 longitudo
3024 2213 3266 2286 quinque
3288 2222 3344 2269 et
3366 2213 3567 2286 viginti
3586 2217 3789 2282 millia.
3906 2217 3907 2222 ’

511 2757 782 2817 Maribotb
821 2762 1005 2830 Cadis,
1032 2765 1108 2838 (n)
1139 2780 1199 2821 se
1243 2767 1546 2823 extendens
1588 2783 1752 2838 super
1785 2784 1936 2826 mare
1967 2786 2086 2826 ma·

512 2868 702 2924 gnum.
729 2853 820 2908 20.
851 2853 976 2911 ilaec
1001 2871 1128 2926 pars
1156 2858 1327 2913 austri
1356 2869 1411 2914 et
1434 2857 1612 2925 africi,
1637 2860 1753 2917 haec
1774 2875 1900 2931 pars
1916 2863 2086 2920 maris

513 2946 586 3014 Χ
614 2946 784 3004 maris
818 2947 842 3018 ζ
870 2949 1051 3021 magni
1082 2949 1427 3006 disterminat
1461 2966 1638 3022 usque
1672 2963 1861 3008 contra
1891 2953 2086 3009 introi-

513 3049 630 3093 tum
657 3036 908 3105 Hamassn
938 3055 1002 3097 -t-
1022 3056 1198 3113 usque
1220 3042 1287 3097 ad
1313 3043 1597 3100 introitum
1622 3045 1741 3115 eius
1766 3044 1813 3116 ζ.
1839 3044 1904 3100 lii
1934 3055 2084 3113 sunt,

2184 2760 2286 2815 erit
2315 2759 2437 2814 urbi
2467 2758 2521 2815 ‘m
2565 2759 2938 2816 habitaculum
2965 2801 2984 2827 ,
3010 2767 3067 2816 et
3109 2758 3165 2815 in
3198 2760 3554 2818 intervallum
3602 2764 3729 2834 ejus
3760 2781 3773 2816 z

2184 2858 2239 2906 et
2272 2852 2378 2907 erit
2422 2851 2555 2908 urbs
2601 2851 2653 2906 in
2706 2852 2886 2908 medio
2928 2853 3071 2923 eius.
3122 2852 3208 2909 16.
3250 2850 3320 2908 Et
3363 2852 3451 2909 hae
3500 2868 3773 2912 mensur:

2185 2945 2305 3013 ejus
2340 2955 2356 2995 z
2391 2941 2461 2996 ab
2511 2940 2577 3013 (ι)
2619 2942 2686 2998 iis
2716 2958 2839 3013 quaa
2887 2942 2955 2999 ad
2986 2944 3297 3015 aquilonem
3319 2983 3336 3009 ‚
3372 2944 3682 3017 quingenti
3720 2957 3771 3002 et

2186 3034 2334 3091 mille
2355 3043 2570 3106 quater,
2594 3042 2649 3090 et
2668 3035 2738 3091 ab
2764 3034 2831 3092 iis
2856 3050 2979 3107 quae
3008 3035 3077 3092 ad
3102 3042 3375 3102 austrum,
3401 3037 3699 3107 quingenti
3722 3049 3768 3093 et

512 3129 607 3198 qui
649 3130 715 3185 ad
755 3147 909 3188 marc
937 3146 997 3190 -t-
1026 3132 1259 3190 Hamatb
1298 3134 1346 3206 ζ.
1378 3135 1468 3193 21.
1500 3136 1568 3192 Et
1597 3137 1851 3196 dividetis
1884 3146 2081 3194 terram
2110 3158 2155 3219 c
2188 3126 2358 3183 mima
2385 3136 2644 3196 quatuor,
2671 3134 2725 3183 0²
2750 3125 2819 3182 ab
2838 3126 2905 3184 35⁸
2931 3140 3053 3196 (1⁰³2
3078 3127 3144 3182 ²⁶
3168 3127 3458 3195 θΐῖθῦῑθῐΰ»
3479 3129 3765 3199 (ἰῦῑοΒῦῑῖ

512 3221 656 3277 hanc
671 3222 775 3290 eis,
806 3223 1058 3282 tribubus
1081 3225 1321 3285 israelis.
1339 3227 1429 3287 22.
1454 3227 1676 3285 Mittetis
1704 3244 1824 3285 eam
1857 3230 1911 3285 in
1935 3237 2084 3287 sorte

511 3312 689 3381 vobis,
725 3322 780 3370 et
815 3315 1042 3373 advenis
1079 3319 1556 3376 commorantibus
1588 3322 1643 3376 in
1674 3322 1856 3378 medio
1894 3322 2082 3389 vestri,

511 3403 608 3475 qui
640 3416 945 3477 genuerunt
971 3404 1112 3464 illios
1139 3408 1193 3462 in
1220 3408 1400 3464 medio
1424 3409 1615 3474 vestri,
1655 3418 1709 3465 et
1742 3419 1904 3465 erunt
1930 3409 2085 3465 vobis

510 3497 673 3566 quasi
702 3498 814 3552 nati
841 3497 1081 3567 regionis
1104 3497 1160 3553 in
1180 3499 1303 3554 tiliis
1327 3497 1545 3556 Israelis
1567 3518 1581 3555 ε
1604 3515 1729 3556 cum
1748 3502 1904 3556 vobis
1923 3509 2087 3557 erunt

513 3586 571 3641 in
600 3584 913 3641 baereditate
934 3587 988 3640 in
1015 3586 1197 3643 medio
1223 3588 1460 3643 tribuum
1479 3588 1717 3657 Israelis,
1734 3589 1823 3645 25.
1844 3598 1898 3646 et
1924 3597 2086 3645 erunt

514 3677 571 3730 in
595 3674 742 3733 tribu
791 3676 1124 3732 advenarum
1158 3677 1216 3732 in
1261 3678 1508 3743 advenis,
1551 3679 1646 3749 qui
1681 3694 1807 3735 cnm
1851 3680 1977 3735 eis:
2010 3677 2085 3736 ibi

513 3766 715 3825 dabitis
744 3764 1115 3822 haereditatem
1131 3767 1234 3835 eis,
1264 3767 1399 3824 dicit
1422 3767 1689 3825 Dominus
1710 3768 1875 3826 Deus.

581 3859 713 3932 Cap.
741 3859 971 3918 aLvtu.
988 3890 1059 3904 —
1083 3861 1136 3918 1.
1159 3860 1226 3918 Et
1245 3863 1361 3920 baec
1385 3864 1607 3921 nomina
1630 3865 1870 3921 tribuum
1892 3865 1958 3921 ab
1982 3866 2086 3922 ini·

512 3952 590 4008 tio
611 3993 628 4019 ,
660 3952 810 4024 quod
851 3952 918 4009 ad
956 3953 1307 4026 aquilonem,
1339 3971 1503 4029 super
1534 3966 1741 4028 partem
1789 3959 2086 4016 descensus

511 4044 868 4103 discindentis
915 4061 1079 4120 super
1117 4047 1403 4106 introitum
1449 4047 1682 4107 Hamatlt
1710 4051 1833 4107 atrii
1867 4050 2083 4120 AElam‚

512 4137 784 4195 terminus
810 4138 1060 4198 Damasci
1084 4141 1150 4197 ad
1173 4142 1479 4214 aquilonem
1522 4159 1711 4200 versus
1740 4154 1947 4216 partem
1975 4143 2085 4201 iia-

513 4230 662 4286 matb
684 4246 742 4288 -t-
766 4233 888 4288 atrii
913 4234 937 4304 ζ
963 4249 976 4284 :
1002 4236 1352 4302 eterunteis‚
1380 4251 1501 4307 quae
1529 4237 1596 4291 ad
1625 4238 1890 4294 orientem
1911 4253 2087 4309 usque

510 4321 577 4378 ad
605 4337 774 4388 mare,
811 4324 1078 4398 Dan-una.
1095 4325 1150 4378 2.
1181 4324 1247 4378 Et
1271 4340 1302 4379 a
1327 4326 1578 4382 terminis
1603 4326 1740 4396 Dan,
1763 4331 1833 4385 ab
1863 4330 1931 4385 iis
1963 4344 2087 4401 quae

509 4413 577 4467 ad
609 4415 874 4470 orientem
903 4429 1077 4484 usque
1107 4414 1175 4469 ad
1202 4430 1265 4470 ea
1298 4430 1418 4485 quae
1445 4416 1512 4473 ad
1538 4433 1689 4473 mare
1708 4460 1722 4482 ,
1759 4422 1924 4476 Asser
1952 4436 2081 4477 una.

2186 3228 2241 3276 et
2266 3218 2438 3274 millia
2456 3225 2712 3289 quatuor,
2744 3227 2798 3274 ct
2831 3219 2900 3274 ab
2928 3218 2997 3275 iis
3025 3234 3147 3290 quae
3177 3219 3245 3274 ad
3277 3233 3449 3285 marc,
3483 3220 3763 3293 quingenti

2184 3318 2240 3366 et
2268 3309 2414 3365 mille
2456 3317 2669 3381 quater.
2716 3308 2805 3365 17.
2842 3310 2906 3364 Et
2935 3309 3039 3365 erit
3065 3309 3523 3388 (u)·intervallum
3556 3314 3751 3369 urbini

2185 3399 2497 3471 aquilonem
2530 3397 2751 3458 ducenti
2792 3405 2848 3454 et
2875 3397 3293 3471 quinquaginta,
3326 3408 3382 3455 et
3409 3399 3480 3456 ad
3518 3410 3762 3458 austrun

2184 3489 2404 3546 ducenti
2430 3498 2485 3545 et
2509 3489 2908 3561 quinquaginta
2934 3529 2950 3555 ,
2980 3496 3036 3545 et
3065 3487 3135 3544 ad
3161 3489 3431 3546 orientem
3460 3490 3695 3548 ducenti
3724 3501 3770 3546 et

2186 3583 2602 3655 quinquaginta,
2630 3594 2684 3637 et
2716 3582 2782 3636 ad
2811 3595 2960 3636 mare
3001 3578 3223 3637 ducenti
3258 3589 3313 3637 et
3346 3580 3768 3653 quinquaginta.

2186 3673 2274 3730 18.
2317 3673 2386 3728 Et
2417 3671 2751 3743 superfluum
2791 3671 3168 3743 longitudinis,
3217 3671 3299 3743 (x)
3338 3673 3490 3742 quod
3540 3676 3770 3745 propin·

2185 3778 2355 3834 quum
2390 3761 2646 3832 primitiis
2679 3761 2990 3818 Sanctuarii
3011 3802 3027 3828 ,
3066 3761 3254 3818 decem
3288 3762 3463 3819 millia
3488 3764 3561 3820 ad
3591 3765 3771 3822 orien—

2187 3864 2295 3913 tem
2320 3895 2335 3921 ,
2364 3864 2419 3911 et
2446 3856 2633 3911 decem
2676 3853 2848 3910 millia
2888 3854 2956 3909 ad
3009 3868 3161 3910 mare
3188 3872 3205 3909 ι
3238 3862 3294 3910 ct
3321 3864 3488 3910 erunt
3514 3855 3773 3928 primitia

2188 3949 2516 4014 sanctuarii,
2545 3957 2600 4004 et
2626 3956 2787 4003 erunt
2806 3956 3103 4018 proventus
3126 3947 3247 4018 ejus
3273 3947 3327 4002 in
3359 3962 3533 4018 panes
3556 3949 3651 4016 iis,
3680 3949 3769 4021 qui

2186 4053 2483 4112 operantur
2525 4039 2667 4096 urbi.
2716 4039 2801 4095 19.
2848 4037 2952 4106 Qui
3000 4048 3183 4095 autem
3244 4049 3552 4109 operantur
3611 4043 3767 4104 urbi,

2185 4134 2557 4207 operabuntur
2594 4132 2646 4188 ei
2678 4147 2745 4187 ex
2792 4131 3050 4187 ominibus
3090 4131 3342 4187 tribubus
3390 4129 3634 4188 israelis.
3674 4131 3764 4186 20.

2186 4224 2389 4282 Omnes
2435 4224 2689 4295 primitiae
2734 4224 2977 4295 quinque
3032 4229 3088 4278 et
3128 4223 3319 4294 viginti
3376 4222 3549 4278 millia
3607 4240 3766 4295 super

2186 4319 2427 4390 quinque
2452 4325 2507 4376 et
2537 4315 2727 4387 viginti
2769 4314 2974 4369 millia:
3009 4311 3086 4386 (y)
3134 4313 3579 4385 quadrangulum
3612 4331 3767 4385 sem-

2187 4411 2380 4465 rabitis
2401 4410 2522 4479 ejus
2549 4408 2602 4464 in
2629 4407 2902 4480 primitias
2929 4405 3238 4461 Sanctuarii
3263 4405 3336 4479 (z)
3362 4421 3391 4460 a
3420 4411 3761 4477 possessione

508 4505 565 4560 ὃ.
601 4503 664 4559 Et
687 4518 718 4559 a
736 4504 982 4560 terminis
1001 4505 1186 4569 Asser,
1211 4505 1369 4562 abiis
1390 4523 1512 4577 quae
1535 4507 1601 4563 ad
1620 4509 1881 4565 orientem
1912 4526 2085 4581 usque
2115 4491 2166 4550 D
2190 4503 2360 4557 urbis.
2392 4500 2482 4553 21.
2509 4500 2663 4567 Quod
2682 4510 2865 4555 autem
2889 4498 3249 4569 superfluum,
3269 4499 3395 4555 duci
3418 4514 3483 4554 ex
3507 4500 3611 4555 boc
3630 4511 3753 4555 eti-x

511 4592 580 4647 ad
613 4607 678 4647 ea
707 4607 827 4662 quae
849 4593 916 4648 ad
945 4609 1116 4661 mare,
1147 4593 1430 4666 Nepbthali
1455 4614 1582 4654 una.
1608 4600 1660 4655 t.
1690 4601 1754 4657 Et
1781 4618 1811 4658 a
1840 4603 2086 4658 terminis

508 4681 833 4754 Neptunan,
877 4684 946 4739 ab
994 4684 1204 4740 oriente
1233 4701 1406 4757 usque
1436 4688 1503 4743 ad
1530 4704 1600 4746 ea
1629 4705 1751 4760 quaa
1786 4693 1851 4745 ad
1892 4706 2045 4746 mare
2065 4729 2081 4755 ,

510 4773 762 4831 Manasse
789 4789 915 4830 una.
949 4775 1002 4831 5.
1039 4774 1106 4832 Et
1131 4792 1161 4831 a
1193 4777 1440 4833 terminis
1469 4778 1734 4846 manasse,
1765 4781 1834 4837 ab
1863 4781 1931 4837 iis
1962 4796 2084 4850 quae

511 4865 578 4920 ad
604 4866 870 4921 orientem
906 4883 1079 4938 usque
1104 4866 1170 4920 ad
1209 4883 1272 4921 ea
1323 4883 1445 4938 quae
1493 4869 1566 4926 ad
1609 4886 1787 4936 mare,
1831 4868 2081 4939 Ephmem

511 4973 641 5014 una.
681 4957 736 5013 6.
790 4957 856 5013 Et
907 4974 937 5014 a
984 4958 1232 5014 terminis
1281 4960 1560 5031 Ephraem,
1612 4961 1682 5017 ab
1736 4959 1804 5016 iis
1846 4974 1968 5030 quae
2015 4960 2081 5016 ad

509 5051 778 5106 orientem
812 5066 988 5121 usque
1043 5051 1109 5105 ad
1143 5066 1207 5106 ea
1252 5065 1374 5121 qnae
1419 5055 1484 5108 nd
1514 5068 1698 5117 mare,
1731 5051 1900 5107 [iubet
1950 5068 2079 5109 una.

512 5139 562 5193 7.
611 5138 676 5194 Et
717 5155 749 5195 a
786 5139 1033 5197 terminis
1100 5138 1271 5195 Rubel
1321 5141 1391 5196 ab
1436 5142 1503 5199 iis
1536 5157 1657 5214 quae
1701 5142 1770 5198 ad
1815 5142 2079 5201 orientem

512 5245 685 5299 usque
714 5232 781 5286 ad
810 5249 875 5288 ea
912 5248 1035 5304 quae
1064 5233 1130 5287 ad
1162 5248 1340 5296 mare,
1367 5231 1520 5289 Jndae
1569 5249 1696 5288 una.
1731 5232 1783 5288 8.
1812 5233 1878 5290 tu
1906 5253 1935 5292 a
1967 5246 2079 5294 ter·

511 5317 677 5373 minis
727 5319 910 5387 Jndae,
972 5322 1043 5378 ab
1095 5322 1162 5378 iis
1211 5337 1332 5392 quae
1382 5325 1448 5376 ad
1487 5323 1752 5378 orientem
1784 5339 1960 5400 usque
2016 5330 2084 5386 ad

597 5471 789 5595 QS„
844 5481 1091 5534 naturale
1139 5478 1258 5534 init.
1372 5477 1435 5546 (ἱ)
1480 5477 1567 5546 S..

514 5542 580 5692 iz>

811 5535 823 5549 .
1631 5481 1830 5553 «ioseph
1885 5484 2161 5544 funiculus
2218 5494 2529 5559 protensus.
2598 5553 2609 5560 ι

700 5555 828 5598 nan.
904 5548 998 5619 (m)
1041 5548 1292 5605 ttamam.
1371 5547 1569 5618 (n)s.,
1604 5555 1968 5623 apprehensio
2009 5559 2197 5616 sortis.
2274 5550 3000 5625 ‹o)S·.dab¹¹¹st›rimi¹ias·

509 5617 590 5754 (εἰ
614 5609 793 5679 S.,ita
820 5621 872 5666 ut
901 5617 971 5669 sit
1001 5618 1387 5675 sanctuarium
1448 5617 1663 5680 Domini
1714 5622 1768 5679 in
1803 5627 1979 5682 medio
2001 5628 2144 5698 ejus.
2218 5625 2290 5696 (r)
2353 5621 2470 5678 Non
2529 5622 2929 5692 permutabunt.
3009 5625 3077 5698 (s)

2193 4592 2341 4647 hoca
2371 4589 2626 4660 primitiis
2648 4590 2981 4657 Sanctuarii,
3010 4601 3063 4647 et
3092 4591 3147 4646 in
3182 4589 3589 4661 possessionem
3616 4589 3745 4644 urinis

2192 4684 2261 4750 3¹(
2290 4690 2475 4736 cotnra
2503 4679 2693 4737 faeiem
2717 4682 2741 4750 ζ
2774 4681 2851 4753 (a)
2869 4698 3029 4754 super
3052 4682 3294 4754 quinque
3314 4690 3370 4738 et
3388 4682 3577 4753 viginti
3597 4681 3727 4734 :mim

2192 4772 2495 4844 longitudo,
2529 4787 2702 4844 usque
2723 4774 2789 4829 ad
2818 4774 3082 4830 terminos
3110 4788 3323 4839 eorum,
3346 4789 3472 4846 qum
3497 4775 3561 4831 ad
3578 4772 3727 4830 oritu-

2191 4873 2298 4920 tem
2331 4874 2385 4919 et
2414 4863 2482 4919 ad
2517 4879 2667 4920 mare
2690 4905 2704 4929 ,
2740 4867 2808 4931 3³(
2836 4880 2997 4935 super
3031 4865 3054 4936 ζ
3104 4865 3297 4921 faciem
3326 4866 3564 4938 quinque
3583 4871 3635 4917 et
3658 4861 3737 4916 ti·

2190 4955 2324 5027 giuti
2349 4955 2535 5021 millia,
2560 4971 2734 5027 usque
2756 4954 2821 5009 ad
2842 4958 3104 5013 terminos
3123 4971 3338 5024 eorum,
3363 4974 3487 5029 quae
3504 4957 3569 5014 ad
3589 4969 3748 5016 mart·-

2188 5051 2243 5107 in
2289 5049 2595 5122 propinquo
2640 5046 2874 5118 partium
2926 5048 3083 5104 ducis
3125 5067 3141 5105 ε
3192 5059 3248 5105 et
3294 5059 3461 5105 erunt
3512 5047 3753 5120 primitiae

2189 5141 2541 5207 Sanctorum,
2567 5149 2622 5198 et
2653 5137 3043 5195 Sanctuarium
3074 5141 3274 5198 domus
3308 5139 3363 5195 in
3396 5141 3579 5197 niedio
3600 5140 3715 5210 ejus
3740 5154 3755 5188 :

2187 5235 2276 5290 22.
2313 5244 2367 5291 ct
2391 5235 2459 5290 de
2495 5230 2836 5303 possessione
2866 5230 3175 5288 Levitarum
3197 5275 3211 5298 ,
3243 5240 3298 5288 et
3325 5231 3393 5289 de
3416 5234 3759 5303 possessione

2191 5326 2342 5383 urbis
2372 5327 2426 5381 iu
2454 5323 2632 5379 medio
2652 5363 2667 5388 ,
2702 5323 2858 5379 ducis
2882 5325 2988 5380 erit
3018 5323 3160 5380 inter
3197 5325 3463 5382 terminos
3496 5321 3681 5387 Judae,
3708 5337 3761 5374 n

2628 5482 2945 5562 tklAdmab
3009 5482 3224 5548 Tiniras,
3284 5483 3505 5554 Eplirim
3562 5482 3759 5539 Aliam.

3079 5557 3156 5679 (1²⁷2
3192 5554 3391 5626 viginti
3413 5563 3467 5608 et
3493 5555 3759 5623 quinque.

3156 5623 3235 5686 Ιι..
3288 5622 3543 5694 primitia}
3578 5632 3759 5678 terrae.

614 5680 699 5748 Su
723 5678 882 5756 [²050-
960 5686 1192 5756 (“)Τ1ι.,
1229 5689 1505 5746 distantia.
1581 5695 1659 5764 (x)
1700 5693 1788 5757 S..
1811 5699 2115 5754 secundum
2154 5695 2425 5769 primitias
2451 5692 2782 5748 Sanctuaril.
2820 5691 2862 5746 Τ
2864 5695 2943 5758 la„
2977 5703 3166 5750 contra
3199 5694 3491 5763 primitias.
3568 5695 3645 5764 (y)
3670 5692 3759 5762 8.,

514 5762 762 5829 (limum
781 5761 1007 5823 l‘fflem·
1085 5759 1159 5827 (Ζ)
1193 5759 1275 5826 S„
1313 5760 1430 5828 vn,
1480 5760 1548 5818 ad
1572 5768 1978 5834 possessionem
2015 5769 2187 5826 urbis.
2266 5765 2341 5834 io)
2376 5763 2463 5832 8.,
2499 5762 2686 5835 viginti
2717 5773 2771 5820 ct
2802 5762 3045 5834 quinque
3104 5765 3357 5821 millium.
