<?xml version="1.0" encoding="UTF-8"?>
<!DOCTYPE html PUBLIC "-//W3C//DTD XHTML 1.0 Transitional//EN"
    "http://www.w3.org/TR/xhtml1/DTD/xhtml1-transitional.dtd">
<html xmlns="http://www.w3.org/1999/xhtml" xml:lang="en" lang="en">
 <head>
  <title>
</title>
<meta http-equiv="Content-Type" content="text/html;charset=utf-8" />
  <meta name='ocr-system' content='tesseract 3.04.00' />
  <meta name='ocr-capabilities' content='ocr_page ocr_carea ocr_par ocr_line ocrx_word'/>
</head>
<body>
  <div class='ocr_page' id='page_1' title='image "./patrologicursus115migngoog_0567.png"; bbox 0 0 3967 6217; ppageno 0'>
   <div class='ocr_carea' id='block_1_1' title="bbox 148 327 291 395">
    <p class='ocr_par' dir='ltr' id='par_1_1' title="bbox 148 327 291 395">
     <span class='ocr_line' id='line_1_1' title="bbox 148 327 291 395; baseline -0.014 0"><span class='ocrx_word' id='word_1_1' title='bbox 148 330 256 395; x_wconf 69' lang='lat'><strong>327</strong></span> <span class='ocrx_word' id='word_1_2' title='bbox 268 327 291 393; x_wconf 83' lang='lat' dir='ltr'>l</span> 
     </span>
    </p>
   </div>
   <div class='ocr_carea' id='block_1_2' title="bbox 1259 319 2287 384">
    <p class='ocr_par' dir='ltr' id='par_1_2' title="bbox 1259 319 2287 384">
     <span class='ocr_line' id='line_1_2' title="bbox 1259 319 2287 384; baseline -0.007 0"><span class='ocrx_word' id='word_1_3' title='bbox 1259 325 1559 384; x_wconf 83' lang='lat' dir='ltr'>CONTRA</span> <span class='ocrx_word' id='word_1_4' title='bbox 1595 321 1964 383; x_wconf 77' lang='lat' dir='ltr'>HAERESES</span> <span class='ocrx_word' id='word_1_5' title='bbox 2002 319 2148 378; x_wconf 57' lang='lat' dir='ltr'>121ss.</span> <span class='ocrx_word' id='word_1_6' title='bbox 2185 319 2287 380; x_wconf 85' lang='lat' dir='ltr'><strong>vt.</strong></span> 
     </span>
    </p>
   </div>
   <div class='ocr_carea' id='block_1_3' title="bbox 3275 306 3415 372">
    <p class='ocr_par' dir='ltr' id='par_1_3' title="bbox 3275 306 3415 372">
     <span class='ocr_line' id='line_1_3' title="bbox 3275 306 3415 372; baseline 0.007 -1"><span class='ocrx_word' id='word_1_7' title='bbox 3275 306 3415 372; x_wconf 61' lang='lat'><strong>3272</strong></span> 
     </span>
    </p>
   </div>
   <div class='ocr_carea' id='block_1_4' title="bbox 148 421 3410 511">
    <p class='ocr_par' dir='ltr' id='par_1_4' title="bbox 148 421 3410 511">
     <span class='ocr_line' id='line_1_4' title="bbox 148 421 3410 511; baseline -0.007 -15"><span class='ocrx_word' id='word_1_8' title='bbox 148 457 342 511; x_wconf 80' lang='grc' dir='ltr'><strong>ναμιν.</strong></span> <span class='ocrx_word' id='word_1_9' title='bbox 395 441 505 494; x_wconf 67' lang='grc' dir='ltr'><strong>Καὶ</strong></span> <span class='ocrx_word' id='word_1_10' title='bbox 546 438 723 502; x_wconf 74' lang='grc' dir='ltr'><strong>οὓτως</strong></span> <span class='ocrx_word' id='word_1_11' title='bbox 764 437 794 491; x_wconf 81' lang='grc' dir='ltr'><strong>ό</strong></span> <span class='ocrx_word' id='word_1_12' title='bbox 843 436 952 493; x_wconf 83' lang='grc' dir='ltr'><strong>τῶν</strong></span> <span class='ocrx_word' id='word_1_13' title='bbox 1000 433 1143 490; x_wconf 83' lang='grc' dir='ltr'><strong>ἐπτά</strong></span> <span class='ocrx_word' id='word_1_14' title='bbox 1192 433 1294 506; x_wconf 80' lang='grc' dir='ltr'><strong>τὴν</strong></span> <span class='ocrx_word' id='word_1_15' title='bbox 1339 433 1449 490; x_wconf 83' lang='grc' dir='ltr'><strong>τῶν</strong></span> <span class='ocrx_word' id='word_1_16' title='bbox 1500 433 1646 487; x_wconf 81' lang='grc' dir='ltr'><strong>ὀκτὼ</strong></span> <span class='ocrx_word' id='word_1_17' title='bbox 1675 433 1721 465; x_wconf 81' lang='lat'><strong>⁸⁸</strong></span> <span class='ocrx_word' id='word_1_18' title='bbox 1748 436 1790 493; x_wconf 77' lang='lat' dir='ltr'>A</span> <span class='ocrx_word' id='word_1_19' title='bbox 1825 445 1944 486; x_wconf 86' lang='lat' dir='ltr'><strong>rum</strong></span> <span class='ocrx_word' id='word_1_20' title='bbox 1980 439 2173 486; x_wconf 80' lang='lat' dir='ltr'>nactus</span> <span class='ocrx_word' id='word_1_21' title='bbox 2215 437 2298 484; x_wconf 87' lang='lat' dir='ltr'><strong>est</strong></span> <span class='ocrx_word' id='word_1_22' title='bbox 2332 421 2678 497; x_wconf 66' lang='lat' dir='ltr'>potestatem,</span> <span class='ocrx_word' id='word_1_23' title='bbox 2715 433 2771 480; x_wconf 86' lang='lat' dir='ltr'><strong>et</strong></span> <span class='ocrx_word' id='word_1_24' title='bbox 2804 424 2930 479; x_wconf 82' lang='lat' dir='ltr'>laeti</span> <span class='ocrx_word' id='word_1_25' title='bbox 2970 432 3091 479; x_wconf 87' lang='lat' dir='ltr'>sunt</span> <span class='ocrx_word' id='word_1_26' title='bbox 3152 428 3263 477; x_wconf 79' lang='lat' dir='ltr'>tres</span> <span class='ocrx_word' id='word_1_27' title='bbox 3309 421 3410 476; x_wconf 69' lang='lat' dir='ltr'>loci</span> 
     </span>
    </p>
   </div>
   <div class='ocr_carea' id='block_1_5' title="bbox 150 524 1727 601">
    <p class='ocr_par' dir='ltr' id='par_1_5' title="bbox 150 524 1727 601">
     <span class='ocr_line' id='line_1_5' title="bbox 150 524 1727 601; baseline -0.003 -18"><span class='ocrx_word' id='word_1_28' title='bbox 150 530 450 601; x_wconf 89' lang='grc' dir='ltr'><strong>ἐκομίσατο</strong></span> <span class='ocrx_word' id='word_1_29' title='bbox 501 528 767 599; x_wconf 72' lang='grc' dir='ltr'><strong>δύναμιν,</strong></span> <span class='ocrx_word' id='word_1_30' title='bbox 816 528 913 586; x_wconf 65' lang='grc' dir='ltr'><strong>καὶ</strong></span> <span class='ocrx_word' id='word_1_31' title='bbox 962 526 1213 596; x_wconf 72' lang='grc' dir='ltr'><strong>ἐγένοντο</strong></span> <span class='ocrx_word' id='word_1_32' title='bbox 1264 524 1315 579; x_wconf 85' lang='grc' dir='ltr'><strong>οἰ</strong></span> <span class='ocrx_word' id='word_1_33' title='bbox 1369 528 1522 597; x_wconf 84' lang='grc' dir='ltr'>τρεῖς</span> <span class='ocrx_word' id='word_1_34' title='bbox 1572 526 1727 580; x_wconf 81' lang='grc' dir='ltr'><strong>τόποι</strong></span> 
     </span>
    </p>
   </div>
   <div class='ocr_carea' id='block_1_6' title="bbox 31 615 1730 692">
    <p class='ocr_par' dir='ltr' id='par_1_6' title="bbox 31 615 1730 692">
     <span class='ocr_line' id='line_1_6' title="bbox 31 615 1730 692; baseline -0.002 -19"><span class='ocrx_word' id='word_1_35' title='bbox 31 664 36 691; x_wconf 48' lang='lat'><em>2</em></span> <span class='ocrx_word' id='word_1_36' title='bbox 148 620 331 691; x_wconf 85' lang='grc' dir='ltr'><strong>ὅμοιοι</strong></span> <span class='ocrx_word' id='word_1_37' title='bbox 368 623 481 684; x_wconf 82' lang='grc' dir='ltr'><strong>τοῖς</strong></span> <span class='ocrx_word' id='word_1_38' title='bbox 510 619 800 692; x_wconf 79' lang='grc' dir='ltr'><strong>ἀριθμοῖς,</strong></span> <span class='ocrx_word' id='word_1_39' title='bbox 846 616 1097 685; x_wconf 82' lang='grc' dir='ltr'><strong>όγδοάδες</strong></span> <span class='ocrx_word' id='word_1_40' title='bbox 1145 615 1321 680; x_wconf 75' lang='grc' dir='ltr'><strong>ὄντες·</strong></span> <span class='ocrx_word' id='word_1_41' title='bbox 1355 616 1548 679; x_wconf 81' lang='grc' dir='ltr'><strong>οἵτινες</strong></span> <span class='ocrx_word' id='word_1_42' title='bbox 1579 618 1730 688; x_wconf 84' lang='grc' dir='ltr'><strong>τρεῖς</strong></span> 
     </span>
    </p>
   </div>
   <div class='ocr_carea' id='block_1_7' title="bbox 152 706 1730 872">
    <p class='ocr_par' dir='ltr' id='par_1_7' title="bbox 152 706 1730 872">
     <span class='ocr_line' id='line_1_7' title="bbox 152 706 1730 785; baseline -0.004 -19"><span class='ocrx_word' id='word_1_43' title='bbox 152 714 243 785; x_wconf 77' lang='grc' dir='ltr'><strong>ἐφ’</strong></span> <span class='ocrx_word' id='word_1_44' title='bbox 294 711 523 774; x_wconf 78' lang='grc' dir='ltr'><strong>ἑαυτοὺς</strong></span> <span class='ocrx_word' id='word_1_45' title='bbox 569 712 613 743; x_wconf 76' lang='lat'><strong>⁸²</strong></span> <span class='ocrx_word' id='word_1_46' title='bbox 667 709 911 772; x_wconf 78' lang='grc' dir='ltr'><strong>ἐλθόντες</strong></span> <span class='ocrx_word' id='word_1_47' title='bbox 962 708 1053 771; x_wconf 81' lang='grc' dir='ltr'><strong>τὸν</strong></span> <span class='ocrx_word' id='word_1_48' title='bbox 1107 707 1217 763; x_wconf 85' lang='grc' dir='ltr'><strong>τῶν</strong></span> <span class='ocrx_word' id='word_1_49' title='bbox 1272 706 1730 778; x_wconf 83' lang='grc' dir='ltr'><strong>εἰκοσιτεσσάρων</strong></span> 
     </span>
     <span class='ocr_line' id='line_1_8' title="bbox 160 794 1728 872; baseline -0.01 -12"><span class='ocrx_word' id='word_1_50' title='bbox 160 802 446 869; x_wconf 78' lang='grc' dir='ltr'><strong>ἀνέδειξαν</strong></span> <span class='ocrx_word' id='word_1_51' title='bbox 462 802 507 834; x_wconf 80' lang='lat'><strong>⁸⁸</strong></span> <span class='ocrx_word' id='word_1_52' title='bbox 524 798 868 872; x_wconf 86' lang='grc' dir='ltr'><strong>ἀριθμόν.Τά</strong></span> <span class='ocrx_word' id='word_1_53' title='bbox 893 797 1216 869; x_wconf 80' lang='grc' dir='ltr'><strong>μέντοιτρία</strong></span> <span class='ocrx_word' id='word_1_54' title='bbox 1244 799 1506 868; x_wconf 85' lang='grc' dir='ltr'><strong>στοιχεῖα.</strong></span> <span class='ocrx_word' id='word_1_55' title='bbox 1532 794 1636 867; x_wconf 69' lang='grc' dir='ltr'>([ἆ]</span> <span class='ocrx_word' id='word_1_56' title='bbox 1662 796 1728 829; x_wconf 80' lang='lat'><strong>⁸⁸⁴</strong></span> 
     </span>
    </p>
   </div>
   <div class='ocr_carea' id='block_1_8' title="bbox 33 875 1731 966">
    <p class='ocr_par' dir='ltr' id='par_1_8' title="bbox 33 875 1731 966">
     <span class='ocr_line' id='line_1_9' title="bbox 33 875 1731 966; baseline -0.006 -18"><span class='ocrx_word' id='word_1_57' title='bbox 33 875 43 884; x_wconf 51' lang='grc'><em>“</em></span> <span class='ocrx_word' id='word_1_58' title='bbox 155 892 236 966; x_wconf 84' lang='lat' dir='ltr'><strong>[p.</strong></span> <span class='ocrx_word' id='word_1_59' title='bbox 284 892 408 948; x_wconf 78' lang='lat'><strong>2⁰9.</strong></span> <span class='ocrx_word' id='word_1_60' title='bbox 436 890 591 962; x_wconf 53' lang='lat'><strong>21⁰4</strong></span> <span class='ocrx_word' id='word_1_61' title='bbox 624 906 788 960; x_wconf 83' lang='grc' dir='ltr'><strong>φησιν</strong></span> <span class='ocrx_word' id='word_1_62' title='bbox 811 887 1032 951; x_wconf 78' lang='grc' dir='ltr'><strong>αύτδς”</strong></span> <span class='ocrx_word' id='word_1_63' title='bbox 1061 887 1172 941; x_wconf 81' lang='grc' dir='ltr'><strong>τῶν</strong></span> <span class='ocrx_word' id='word_1_64' title='bbox 1201 887 1369 959; x_wconf 78' lang='grc' dir='ltr'><strong>τριῶν</strong></span> <span class='ocrx_word' id='word_1_65' title='bbox 1401 887 1457 938; x_wconf 81' lang='grc' dir='ltr'><strong>ὲν</strong></span> <span class='ocrx_word' id='word_1_66' title='bbox 1501 885 1731 956; x_wconf 68' lang='grc' dir='ltr'><strong>συζυγίᾳ</strong></span> 
     </span>
    </p>
   </div>
   <div class='ocr_carea' id='block_1_9' title="bbox 153 971 1734 1505">
    <p class='ocr_par' dir='ltr' id='par_1_9' title="bbox 153 971 1734 1505">
     <span class='ocr_line' id='line_1_10' title="bbox 153 971 1730 1055; baseline -0.007 -15"><span class='ocrx_word' id='word_1_67' title='bbox 153 985 439 1055; x_wconf 78' lang='grc' dir='ltr'>δυνάμεων</span> <span class='ocrx_word' id='word_1_68' title='bbox 472 983 764 1053; x_wconf 77' lang='grc' dir='ltr'><strong>ὑπάρχειν,</strong></span> <span class='ocrx_word' id='word_1_69' title='bbox 798 979 835 1034; x_wconf 75' lang='grc' dir='ltr'><strong>ἃ.</strong></span> <span class='ocrx_word' id='word_1_70' title='bbox 870 981 1019 1034; x_wconf 88' lang='grc' dir='ltr'><strong>ἐστιν</strong></span> <span class='ocrx_word' id='word_1_71' title='bbox 1057 978 1139 1046; x_wconf 77' lang='grc' dir='ltr'><strong>ἐξ,</strong></span> <span class='ocrx_word' id='word_1_72' title='bbox 1175 979 1268 1047; x_wconf 80' lang='grc' dir='ltr'><strong>ἀφ’</strong></span> <span class='ocrx_word' id='word_1_73' title='bbox 1302 971 1377 1032; x_wconf 81' lang='grc' dir='ltr'><strong>ὧν</strong></span> <span class='ocrx_word' id='word_1_74' title='bbox 1406 977 1661 1049; x_wconf 73' lang='grc' dir='ltr'><strong>ἀπερρύη</strong></span> <span class='ocrx_word' id='word_1_75' title='bbox 1686 977 1730 1008; x_wconf 80' lang='lat'><strong>⁸⁰</strong></span> 
     </span>
     <span class='ocr_line' id='line_1_11' title="bbox 153 1067 1733 1145; baseline -0.006 -15"><span class='ocrx_word' id='word_1_76' title='bbox 153 1076 225 1130; x_wconf 77' lang='grc' dir='ltr'><strong>τὰ</strong></span> <span class='ocrx_word' id='word_1_77' title='bbox 256 1073 675 1145; x_wconf 75' lang='grc' dir='ltr'><strong>εἰκοσιτέσσαρα</strong></span> <span class='ocrx_word' id='word_1_78' title='bbox 707 1072 946 1142; x_wconf 80' lang='grc' dir='ltr'><strong>στοιχεῖα</strong></span> <span class='ocrx_word' id='word_1_79' title='bbox 967 1069 987 1142; x_wconf 90' lang='grc'>)</span> <span class='ocrx_word' id='word_1_80' title='bbox 1007 1108 1021 1132; x_wconf 92' lang='grc'><strong>,</strong></span> <span class='ocrx_word' id='word_1_81' title='bbox 1050 1068 1623 1140; x_wconf 81' lang='grc' dir='ltr'><strong>τετραπλασιασθέντα</strong></span> <span class='ocrx_word' id='word_1_82' title='bbox 1655 1067 1733 1138; x_wconf 83' lang='grc' dir='ltr'><strong>τῷ</strong></span> 
     </span>
     <span class='ocr_line' id='line_1_12' title="bbox 154 1157 1730 1236; baseline -0.004 -19"><span class='ocrx_word' id='word_1_83' title='bbox 154 1164 251 1236; x_wconf 81' lang='grc' dir='ltr'><strong>τῆς</strong></span> <span class='ocrx_word' id='word_1_84' title='bbox 284 1164 524 1236; x_wconf 65' lang='grc' dir='ltr'><strong>ἀρρήτου</strong></span> <span class='ocrx_word' id='word_1_85' title='bbox 561 1160 819 1232; x_wconf 75' lang='grc' dir='ltr'><strong>τετράδος</strong></span> <span class='ocrx_word' id='word_1_86' title='bbox 863 1159 1006 1231; x_wconf 83' lang='grc' dir='ltr'><strong>λόγῳ</strong></span> <span class='ocrx_word' id='word_1_87' title='bbox 1037 1157 1083 1190; x_wconf 72' lang='lat'><strong>⁸¹</strong></span> <span class='ocrx_word' id='word_1_88' title='bbox 1124 1159 1214 1213; x_wconf 83' lang='grc' dir='ltr'><strong>τὸν</strong></span> <span class='ocrx_word' id='word_1_89' title='bbox 1252 1160 1414 1212; x_wconf 72' lang='grc' dir='ltr'><strong>αὑτὸν</strong></span> <span class='ocrx_word' id='word_1_90' title='bbox 1462 1160 1649 1221; x_wconf 87' lang='grc' dir='ltr'><strong>αὐτοῖς</strong></span> <span class='ocrx_word' id='word_1_91' title='bbox 1684 1158 1730 1190; x_wconf 75' lang='lat'><strong>⁸⁸</strong></span> 
     </span>
     <span class='ocr_line' id='line_1_13' title="bbox 156 1248 1733 1326; baseline -0.004 -16"><span class='ocrx_word' id='word_1_92' title='bbox 156 1254 389 1326; x_wconf 74' lang='grc' dir='ltr'><strong>ἀριθμὸν</strong></span> <span class='ocrx_word' id='word_1_93' title='bbox 443 1250 623 1314; x_wconf 79' lang='grc' dir='ltr'><strong>ποιεῖ,</strong></span> <span class='ocrx_word' id='word_1_94' title='bbox 681 1252 822 1321; x_wconf 76' lang='grc' dir='ltr'><strong>ἅπερ</strong></span> <span class='ocrx_word' id='word_1_95' title='bbox 887 1251 1021 1321; x_wconf 74' lang='grc' dir='ltr'><strong>φησὶ</strong></span> <span class='ocrx_word' id='word_1_96' title='bbox 1071 1248 1167 1305; x_wconf 78' lang='grc' dir='ltr'><strong>τοῦ</strong></span> <span class='ocrx_word' id='word_1_97' title='bbox 1239 1251 1634 1321; x_wconf 78' lang='grc' dir='ltr'><strong>Ἀνονομάστου</strong></span> <span class='ocrx_word' id='word_1_98' title='bbox 1684 1251 1733 1283; x_wconf 80' lang='lat'><strong>‘⁸</strong></span> 
     </span>
     <span class='ocr_line' id='line_1_14' title="bbox 160 1339 1733 1418; baseline -0.002 -18"><span class='ocrx_word' id='word_1_99' title='bbox 160 1346 443 1418; x_wconf 75' lang='grc' dir='ltr'><strong>ὑπάρχειν.</strong></span> <span class='ocrx_word' id='word_1_100' title='bbox 483 1342 769 1415; x_wconf 81' lang='grc' dir='ltr'><strong>Φορεῖσθαι</strong></span> <span class='ocrx_word' id='word_1_101' title='bbox 801 1343 858 1396; x_wconf 83' lang='grc' dir='ltr'><strong>δὲ</strong></span> <span class='ocrx_word' id='word_1_102' title='bbox 889 1343 1029 1397; x_wconf 80' lang='grc' dir='ltr'><strong>αὐτὰ</strong></span> <span class='ocrx_word' id='word_1_103' title='bbox 1061 1343 1167 1396; x_wconf 80' lang='grc' dir='ltr'><strong>ὑπὸ</strong></span> <span class='ocrx_word' id='word_1_104' title='bbox 1197 1339 1304 1397; x_wconf 82' lang='grc' dir='ltr'><strong>τῶν</strong></span> <span class='ocrx_word' id='word_1_105' title='bbox 1352 1342 1412 1407; x_wconf 77' lang='grc' dir='ltr'><strong>ἐξ</strong></span> <span class='ocrx_word' id='word_1_106' title='bbox 1448 1343 1733 1412; x_wconf 81' lang='grc' dir='ltr'>δυνάμεων</span> 
     </span>
     <span class='ocr_line' id='line_1_15' title="bbox 158 1425 1734 1505; baseline -0.004 -15"><span class='ocrx_word' id='word_1_107' title='bbox 158 1439 238 1501; x_wconf 83' lang='grc' dir='ltr'><strong>εἰς</strong></span> <span class='ocrx_word' id='word_1_108' title='bbox 273 1434 567 1505; x_wconf 74' lang='grc' dir='ltr'><strong>ὁμοιότητα</strong></span> <span class='ocrx_word' id='word_1_109' title='bbox 618 1431 710 1486; x_wconf 80' lang='grc' dir='ltr'><strong>τοῦ</strong></span> <span class='ocrx_word' id='word_1_110' title='bbox 765 1430 1019 1503; x_wconf 80' lang='grc' dir='ltr'><strong>’Δοράτου</strong></span> <span class='ocrx_word' id='word_1_111' title='bbox 1042 1430 1090 1462; x_wconf 77' lang='grc'><em>“</em></span> <span class='ocrx_word' id='word_1_112' title='bbox 1112 1472 1127 1497; x_wconf 98' lang='grc'><strong>,</strong></span> <span class='ocrx_word' id='word_1_113' title='bbox 1160 1425 1234 1485; x_wconf 82' lang='grc' dir='ltr'><strong>ὧν</strong></span> <span class='ocrx_word' id='word_1_114' title='bbox 1277 1431 1552 1502; x_wconf 79' lang='grc' dir='ltr'><strong>στοιχείων</strong></span> <span class='ocrx_word' id='word_1_115' title='bbox 1588 1431 1734 1485; x_wconf 86' lang='grc' dir='ltr'><strong>εἰκό-</strong></span> 
     </span>
    </p>
   </div>
   <div class='ocr_carea' id='block_1_10' title="bbox 40 1522 1733 1600">
    <p class='ocr_par' dir='ltr' id='par_1_10' title="bbox 40 1522 1733 1600">
     <span class='ocr_line' id='line_1_16' title="bbox 40 1522 1733 1600; baseline -0.002 -18"><span class='ocrx_word' id='word_1_116' title='bbox 40 1593 49 1600; x_wconf 38' lang='lat'><strong>·</strong></span> <span class='ocrx_word' id='word_1_117' title='bbox 157 1544 253 1590; x_wconf 86' lang='grc' dir='ltr'><strong>νας</strong></span> <span class='ocrx_word' id='word_1_118' title='bbox 280 1525 326 1558; x_wconf 76' lang='grc'>“</span> <span class='ocrx_word' id='word_1_119' title='bbox 356 1525 582 1579; x_wconf 86' lang='grc' dir='ltr'><strong>εἰκόνων</strong></span> <span class='ocrx_word' id='word_1_120' title='bbox 612 1524 658 1556; x_wconf 73' lang='lat'><strong>⁸⁸</strong></span> <span class='ocrx_word' id='word_1_121' title='bbox 692 1522 701 1594; x_wconf 94' lang='grc' dir='ltr'>Ι</span> <span class='ocrx_word' id='word_1_122' title='bbox 733 1522 792 1589; x_wconf 74' lang='grc' dir='ltr'><strong>ἒξ</strong></span> <span class='ocrx_word' id='word_1_123' title='bbox 820 1523 986 1577; x_wconf 78' lang='grc' dir='ltr'><strong>διπλᾶ</strong></span> <span class='ocrx_word' id='word_1_124' title='bbox 1029 1522 1330 1596; x_wconf 82' lang='grc' dir='ltr'><strong>γράμματα</strong></span> <span class='ocrx_word' id='word_1_125' title='bbox 1366 1523 1668 1593; x_wconf 78' lang='grc' dir='ltr'>ὑπάρχειν,</span> <span class='ocrx_word' id='word_1_126' title='bbox 1696 1522 1733 1578; x_wconf 75' lang='grc' dir='ltr'><strong>ἀ</strong></span> 
     </span>
    </p>
   </div>
   <div class='ocr_carea' id='block_1_11' title="bbox 157 1615 1736 1691">
    <p class='ocr_par' dir='ltr' id='par_1_11' title="bbox 157 1615 1736 1691">
     <span class='ocr_line' id='line_1_17' title="bbox 157 1615 1736 1691; baseline -0.003 -18"><span class='ocrx_word' id='word_1_127' title='bbox 157 1617 637 1691; x_wconf 86' lang='grc' dir='ltr'><strong>συναριθμούμενα</strong></span> <span class='ocrx_word' id='word_1_128' title='bbox 684 1620 798 1681; x_wconf 82' lang='grc' dir='ltr'><strong>τοῖς</strong></span> <span class='ocrx_word' id='word_1_129' title='bbox 847 1615 1291 1687; x_wconf 86' lang='grc' dir='ltr'><strong>εἰκοσιτέσσαρσι</strong></span> <span class='ocrx_word' id='word_1_130' title='bbox 1328 1615 1612 1685; x_wconf 78' lang='grc' dir='ltr'><strong>στοιχείοις</strong></span> <span class='ocrx_word' id='word_1_131' title='bbox 1643 1615 1736 1670; x_wconf 83' lang='grc' dir='ltr'><strong>δυ·</strong></span> 
     </span>
    </p>
   </div>
   <div class='ocr_carea' id='block_1_12' title="bbox 29 1701 1731 1783">
    <p class='ocr_par' dir='ltr' id='par_1_12' title="bbox 29 1701 1731 1783">
     <span class='ocr_line' id='line_1_18' title="bbox 29 1701 1731 1783; baseline -0.004 -17"><span class='ocrx_word' id='word_1_132' title='bbox 29 1701 45 1714; x_wconf 84' lang='grc'><strong>“</strong></span> <span class='ocrx_word' id='word_1_133' title='bbox 158 1712 318 1782; x_wconf 86' lang='grc' dir='ltr'><strong>νάμει</strong></span> <span class='ocrx_word' id='word_1_134' title='bbox 344 1713 412 1783; x_wconf 72' lang='grc' dir='ltr'><strong>τῇ</strong></span> <span class='ocrx_word' id='word_1_135' title='bbox 441 1710 486 1745; x_wconf 54' lang='grc' dir='ltr'><strong>δ’</strong></span> <span class='ocrx_word' id='word_1_136' title='bbox 531 1708 674 1764; x_wconf 89' lang='grc' dir='ltr'><strong>κατά</strong></span> <span class='ocrx_word' id='word_1_137' title='bbox 703 1708 989 1777; x_wconf 81' lang='grc' dir='ltr'><strong>ἀνολογίαν</strong></span> <span class='ocrx_word' id='word_1_138' title='bbox 1024 1707 1116 1762; x_wconf 83' lang='grc' dir='ltr'><strong>τὸν</strong></span> <span class='ocrx_word' id='word_1_139' title='bbox 1144 1706 1254 1763; x_wconf 84' lang='grc' dir='ltr'><strong>τῶν</strong></span> <span class='ocrx_word' id='word_1_140' title='bbox 1284 1707 1580 1780; x_wconf 81' lang='grc' dir='ltr'><strong>τριάκοντα</strong></span> <span class='ocrx_word' id='word_1_141' title='bbox 1611 1724 1731 1762; x_wconf 82' lang='grc' dir='ltr'><strong>ποι·</strong></span> 
     </span>
    </p>
   </div>
   <div class='ocr_carea' id='block_1_13' title="bbox 150 1801 1736 2966">
    <p class='ocr_par' dir='ltr' id='par_1_13' title="bbox 158 1801 580 1872">
     <span class='ocr_line' id='line_1_19' title="bbox 158 1801 580 1872; baseline -0.002 -17"><span class='ocrx_word' id='word_1_142' title='bbox 158 1804 297 1855; x_wconf 81' lang='grc' dir='ltr'><strong>εἷται</strong></span> <span class='ocrx_word' id='word_1_143' title='bbox 323 1801 580 1872; x_wconf 84' lang='grc' dir='ltr'><strong>ἀριθμόν.</strong></span> 
     </span>
    </p>

    <p class='ocr_par' dir='ltr' id='par_1_14' title="bbox 150 1889 1736 2966">
     <span class='ocr_line' id='line_1_20' title="bbox 232 1889 1736 1963; baseline -0.004 -14"><span class='ocrx_word' id='word_1_144' title='bbox 232 1892 338 1963; x_wconf 72' lang='grc' dir='ltr'><strong>μζ.</strong></span> <span class='ocrx_word' id='word_1_145' title='bbox 371 1892 572 1946; x_wconf 84' lang='grc' dir='ltr'><strong>Τούτου</strong></span> <span class='ocrx_word' id='word_1_146' title='bbox 606 1891 701 1946; x_wconf 82' lang='grc' dir='ltr'><strong>τοῦ</strong></span> <span class='ocrx_word' id='word_1_147' title='bbox 731 1890 888 1960; x_wconf 78' lang='grc' dir='ltr'><strong>λόγου</strong></span> <span class='ocrx_word' id='word_1_148' title='bbox 927 1892 1023 1948; x_wconf 76' lang='grc' dir='ltr'><strong>καί</strong></span> <span class='ocrx_word' id='word_1_149' title='bbox 1058 1891 1159 1962; x_wconf 79' lang='grc' dir='ltr'><strong>τῆς</strong></span> <span class='ocrx_word' id='word_1_150' title='bbox 1188 1890 1504 1962; x_wconf 77' lang='grc' dir='ltr'><strong>οἰκονομίας</strong></span> <span class='ocrx_word' id='word_1_151' title='bbox 1532 1891 1580 1923; x_wconf 76' lang='lat'><strong>⁸⁸</strong></span> <span class='ocrx_word' id='word_1_152' title='bbox 1607 1889 1736 1944; x_wconf 87' lang='grc' dir='ltr'><strong>ταύ-</strong></span> 
     </span>
     <span class='ocr_line' id='line_1_21' title="bbox 158 1979 1733 2056; baseline -0.004 -17"><span class='ocrx_word' id='word_1_153' title='bbox 158 2003 258 2056; x_wconf 84' lang='grc' dir='ltr'><strong>της</strong></span> <span class='ocrx_word' id='word_1_154' title='bbox 295 1984 508 2055; x_wconf 86' lang='grc' dir='ltr'><strong>καρπόν</strong></span> <span class='ocrx_word' id='word_1_155' title='bbox 556 2000 720 2053; x_wconf 79' lang='grc' dir='ltr'><strong>φησιν</strong></span> <span class='ocrx_word' id='word_1_156' title='bbox 758 1985 815 2037; x_wconf 82' lang='grc' dir='ltr'><strong>ἐν</strong></span> <span class='ocrx_word' id='word_1_157' title='bbox 847 1985 1155 2055; x_wconf 78' lang='grc' dir='ltr'><strong>ὁμοιώματι</strong></span> <span class='ocrx_word' id='word_1_158' title='bbox 1183 1981 1389 2046; x_wconf 88' lang='grc' dir='ltr'><strong>εἰκόνος</strong></span> <span class='ocrx_word' id='word_1_159' title='bbox 1434 1979 1733 2053; x_wconf 78' lang='grc' dir='ltr'>πεφηνέναι</span> 
     </span>
     <span class='ocr_line' id='line_1_22' title="bbox 158 2073 1735 2152; baseline -0.001 -24"><span class='ocrx_word' id='word_1_160' title='bbox 158 2075 496 2152; x_wconf 62' lang='grc' dir='ltr'><strong>ἐκεῖνοντὸν</strong></span> <span class='ocrx_word' id='word_1_161' title='bbox 529 2074 666 2145; x_wconf 75' lang='grc' dir='ltr'><strong>μετὰ</strong></span> <span class='ocrx_word' id='word_1_162' title='bbox 694 2073 794 2138; x_wconf 78' lang='grc' dir='ltr'><strong>τὰς</strong></span> <span class='ocrx_word' id='word_1_163' title='bbox 825 2074 886 2142; x_wconf 76' lang='grc' dir='ltr'><strong>ἐξ</strong></span> <span class='ocrx_word' id='word_1_164' title='bbox 925 2076 1140 2149; x_wconf 73' lang='grc' dir='ltr'><strong>ἡμέρας</strong></span> <span class='ocrx_word' id='word_1_165' title='bbox 1171 2073 1429 2144; x_wconf 80' lang='grc' dir='ltr'><strong>τέταρτον</strong></span> <span class='ocrx_word' id='word_1_166' title='bbox 1458 2073 1735 2128; x_wconf 75' lang='grc' dir='ltr'><strong>ἀναδάντα</strong></span> 
     </span>
     <span class='ocr_line' id='line_1_23' title="bbox 158 2163 1736 2236; baseline 0.001 -19"><span class='ocrx_word' id='word_1_167' title='bbox 158 2165 238 2228; x_wconf 89' lang='grc' dir='ltr'><strong>εἰς</strong></span> <span class='ocrx_word' id='word_1_168' title='bbox 266 2165 326 2218; x_wconf 81' lang='grc' dir='ltr'><strong>τὸ</strong></span> <span class='ocrx_word' id='word_1_169' title='bbox 358 2163 481 2236; x_wconf 86' lang='grc' dir='ltr'><strong>δρος</strong></span> <span class='ocrx_word' id='word_1_170' title='bbox 514 2163 580 2227; x_wconf 75' lang='lat'><strong>⁸⁰,</strong></span> <span class='ocrx_word' id='word_1_171' title='bbox 627 2163 719 2217; x_wconf 72' lang='grc' dir='ltr'><strong>καὶ</strong></span> <span class='ocrx_word' id='word_1_172' title='bbox 749 2163 1040 2235; x_wconf 83' lang='grc' dir='ltr'><strong>γενόμενον</strong></span> <span class='ocrx_word' id='word_1_173' title='bbox 1065 2164 1224 2219; x_wconf 73' lang='grc' dir='ltr'><strong>ἕκτον</strong></span> <span class='ocrx_word' id='word_1_174' title='bbox 1245 2205 1261 2230; x_wconf 89' lang='grc'><strong>,</strong></span> <span class='ocrx_word' id='word_1_175' title='bbox 1292 2165 1383 2218; x_wconf 79' lang='grc' dir='ltr'><strong>τὸν</strong></span> <span class='ocrx_word' id='word_1_176' title='bbox 1417 2164 1736 2219; x_wconf 79' lang='grc' dir='ltr'><strong>καταδάντα</strong></span> 
     </span>
     <span class='ocr_line' id='line_1_24' title="bbox 158 2247 1736 2329; baseline -0.001 -18"><span class='ocrx_word' id='word_1_177' title='bbox 158 2258 253 2311; x_wconf 74' lang='grc' dir='ltr'><strong>καὶ</strong></span> <span class='ocrx_word' id='word_1_178' title='bbox 289 2247 634 2328; x_wconf 74' lang='grc' dir='ltr'><strong>κρατηθέντα</strong></span> <span class='ocrx_word' id='word_1_179' title='bbox 668 2258 725 2309; x_wconf 89' lang='grc' dir='ltr'><strong>ἐν</strong></span> <span class='ocrx_word' id='word_1_180' title='bbox 759 2259 825 2329; x_wconf 76' lang='grc' dir='ltr'><strong>τῇ</strong></span> <span class='ocrx_word' id='word_1_181' title='bbox 863 2255 1152 2326; x_wconf 78' lang='grc' dir='ltr'><strong>ὲδδομάδι,</strong></span> <span class='ocrx_word' id='word_1_182' title='bbox 1189 2257 1459 2328; x_wconf 75' lang='grc' dir='ltr'><strong>ἐπίσημον</strong></span> <span class='ocrx_word' id='word_1_183' title='bbox 1507 2256 1736 2325; x_wconf 81' lang='grc' dir='ltr'><strong>όγδοὰδα</strong></span> 
     </span>
     <span class='ocr_line' id='line_1_25' title="bbox 158 2346 1735 2421; baseline -0.001 -20"><span class='ocrx_word' id='word_1_184' title='bbox 158 2348 472 2419; x_wconf 78' lang='grc' dir='ltr'><strong>ὑπάρχοντα</strong></span> <span class='ocrx_word' id='word_1_185' title='bbox 500 2348 595 2402; x_wconf 77' lang='grc' dir='ltr'><strong>καὶ</strong></span> <span class='ocrx_word' id='word_1_186' title='bbox 623 2346 816 2418; x_wconf 78' lang='grc' dir='ltr'><strong>ἔχοντα</strong></span> <span class='ocrx_word' id='word_1_187' title='bbox 844 2349 902 2400; x_wconf 88' lang='grc' dir='ltr'><strong>ἐν</strong></span> <span class='ocrx_word' id='word_1_188' title='bbox 929 2347 1107 2420; x_wconf 80' lang='grc' dir='ltr'><strong>ἐαυτῷ</strong></span> <span class='ocrx_word' id='word_1_189' title='bbox 1136 2347 1229 2402; x_wconf 75' lang='grc' dir='ltr'><strong>τὸν</strong></span> <span class='ocrx_word' id='word_1_190' title='bbox 1258 2348 1489 2421; x_wconf 77' lang='grc' dir='ltr'><strong>ἀριθμὸν</strong></span> <span class='ocrx_word' id='word_1_191' title='bbox 1517 2348 1735 2401; x_wconf 72' lang='grc' dir='ltr'><strong>ἅπαντα</strong></span> 
     </span>
     <span class='ocr_line' id='line_1_26' title="bbox 156 2437 1736 2511; baseline -0.001 -18"><span class='ocrx_word' id='word_1_192' title='bbox 156 2438 264 2493; x_wconf 84' lang='grc' dir='ltr'><strong>τῶν</strong></span> <span class='ocrx_word' id='word_1_193' title='bbox 299 2438 596 2508; x_wconf 83' lang='grc' dir='ltr'><strong>στοιχείων,</strong></span> <span class='ocrx_word' id='word_1_194' title='bbox 635 2438 696 2492; x_wconf 84' lang='grc' dir='ltr'><strong>ὃν</strong></span> <span class='ocrx_word' id='word_1_195' title='bbox 735 2438 1102 2511; x_wconf 82' lang='grc' dir='ltr'><strong>ἐφανέρωσεν,</strong></span> <span class='ocrx_word' id='word_1_196' title='bbox 1148 2439 1392 2503; x_wconf 75' lang='grc' dir='ltr'><strong>ἐλθόντος</strong></span> <span class='ocrx_word' id='word_1_197' title='bbox 1431 2437 1596 2493; x_wconf 79' lang='grc' dir='ltr'><strong>αὐτοῦ</strong></span> <span class='ocrx_word' id='word_1_198' title='bbox 1643 2439 1736 2493; x_wconf 75' lang='grc' dir='ltr'><strong>ἐπὶ</strong></span> 
     </span>
     <span class='ocr_line' id='line_1_27' title="bbox 153 2527 1736 2601; baseline 0.003 -20"><span class='ocrx_word' id='word_1_199' title='bbox 153 2528 215 2582; x_wconf 76' lang='grc' dir='ltr'><strong>τὸ</strong></span> <span class='ocrx_word' id='word_1_200' title='bbox 237 2527 539 2600; x_wconf 67' lang='grc' dir='ltr'><strong>βάπτισμα,</strong></span> <span class='ocrx_word' id='word_1_201' title='bbox 582 2532 615 2600; x_wconf 83' lang='grc' dir='ltr'>ὴ</span> <span class='ocrx_word' id='word_1_202' title='bbox 659 2529 758 2600; x_wconf 81' lang='grc' dir='ltr'><strong>τῆς</strong></span> <span class='ocrx_word' id='word_1_203' title='bbox 796 2531 1125 2601; x_wconf 79' lang='grc' dir='ltr'><strong>περιστερᾶς</strong></span> <span class='ocrx_word' id='word_1_204' title='bbox 1158 2529 1405 2595; x_wconf 79' lang='grc' dir='ltr'><strong>κάθοδος,</strong></span> <span class='ocrx_word' id='word_1_205' title='bbox 1435 2530 1558 2600; x_wconf 75' lang='grc' dir='ltr'><strong>ἥτις</strong></span> <span class='ocrx_word' id='word_1_206' title='bbox 1587 2530 1736 2585; x_wconf 73' lang='grc' dir='ltr'><strong>ἐστὶν</strong></span> 
     </span>
     <span class='ocr_line' id='line_1_28' title="bbox 152 2617 1736 2692; baseline 0.001 -21"><span class='ocrx_word' id='word_1_207' title='bbox 152 2636 199 2671; x_wconf 93' lang='grc' dir='ltr'><strong>ω</strong></span> <span class='ocrx_word' id='word_1_208' title='bbox 252 2618 346 2672; x_wconf 70' lang='grc' dir='ltr'><strong>καὶ</strong></span> <span class='ocrx_word' id='word_1_209' title='bbox 379 2619 424 2651; x_wconf 77' lang='lat'><strong>⁸⁰</strong></span> <span class='ocrx_word' id='word_1_210' title='bbox 454 2619 620 2688; x_wconf 73' lang='grc' dir='ltr'><strong>ἄλφα,</strong></span> <span class='ocrx_word' id='word_1_211' title='bbox 654 2618 722 2673; x_wconf 80' lang='grc' dir='ltr'><strong>δι’</strong></span> <span class='ocrx_word' id='word_1_212' title='bbox 754 2617 994 2690; x_wconf 77' lang='grc' dir='ltr'><strong>ἀριθμοῦ</strong></span> <span class='ocrx_word' id='word_1_213' title='bbox 1038 2619 1370 2692; x_wconf 82' lang='grc' dir='ltr'><strong>δηλουμένου</strong></span> <span class='ocrx_word' id='word_1_214' title='bbox 1400 2619 1736 2673; x_wconf 85' lang='grc' dir='ltr'><strong>ὀκτακοσίων</strong></span> 
     </span>
     <span class='ocr_line' id='line_1_29' title="bbox 154 2710 1736 2784; baseline 0.001 -20"><span class='ocrx_word' id='word_1_215' title='bbox 154 2710 292 2773; x_wconf 80' lang='grc' dir='ltr'><strong>ἐνὸς,</strong></span> <span class='ocrx_word' id='word_1_216' title='bbox 327 2710 421 2782; x_wconf 77' lang='grc' dir='ltr'><strong>καὶ</strong></span> <span class='ocrx_word' id='word_1_217' title='bbox 445 2711 531 2765; x_wconf 85' lang='grc' dir='ltr'><strong>διὰ</strong></span> <span class='ocrx_word' id='word_1_218' title='bbox 558 2711 719 2765; x_wconf 83' lang='grc' dir='ltr'><strong>τοῦτο</strong></span> <span class='ocrx_word' id='word_1_219' title='bbox 750 2711 960 2766; x_wconf 86' lang='grc' dir='ltr'><strong>Μωσέα</strong></span> <span class='ocrx_word' id='word_1_220' title='bbox 993 2714 1052 2764; x_wconf 87' lang='grc' dir='ltr'><strong>ἐν</strong></span> <span class='ocrx_word' id='word_1_221' title='bbox 1080 2714 1148 2783; x_wconf 72' lang='grc' dir='ltr'><strong>τῇ</strong></span> <span class='ocrx_word' id='word_1_222' title='bbox 1175 2712 1308 2784; x_wconf 75' lang='grc' dir='ltr'><strong>ἕκτῃ</strong></span> <span class='ocrx_word' id='word_1_223' title='bbox 1338 2710 1522 2782; x_wconf 70' lang='grc' dir='ltr'><strong>ἡμέρα</strong></span> <span class='ocrx_word' id='word_1_224' title='bbox 1554 2711 1736 2779; x_wconf 83' lang='grc' dir='ltr'><strong>λέγειν</strong></span> 
     </span>
     <span class='ocr_line' id='line_1_30' title="bbox 150 2801 1732 2877; baseline 0 -22"><span class='ocrx_word' id='word_1_225' title='bbox 150 2803 246 2856; x_wconf 82' lang='grc' dir='ltr'><strong>τὸν</strong></span> <span class='ocrx_word' id='word_1_226' title='bbox 269 2803 549 2875; x_wconf 73' lang='grc' dir='ltr'><strong>ἄνθρωπον</strong></span> <span class='ocrx_word' id='word_1_227' title='bbox 570 2803 875 2873; x_wconf 82' lang='grc' dir='ltr'><strong>γεγονέναι.</strong></span> <span class='ocrx_word' id='word_1_228' title='bbox 907 2804 1019 2857; x_wconf 77' lang='grc' dir='ltr'><strong>Καὶ</strong></span> <span class='ocrx_word' id='word_1_229' title='bbox 1038 2802 1138 2877; x_wconf 82' lang='grc' dir='ltr'><strong>τὴν</strong></span> <span class='ocrx_word' id='word_1_230' title='bbox 1164 2803 1479 2873; x_wconf 78' lang='grc' dir='ltr'><strong>οἰκονομίαν</strong></span> <span class='ocrx_word' id='word_1_231' title='bbox 1504 2801 1580 2875; x_wconf 89' lang='lat' dir='ltr'><strong>[p.</strong></span> <span class='ocrx_word' id='word_1_232' title='bbox 1605 2801 1732 2857; x_wconf 73' lang='lat'><strong>2¹0.</strong></span> 
     </span>
     <span class='ocr_line' id='line_1_31' title="bbox 151 2892 1736 2966; baseline -0.001 -18"><span class='ocrx_word' id='word_1_233' title='bbox 151 2892 306 2965; x_wconf 64' lang='lat' dir='ltr'><strong>mh]</strong></span> <span class='ocrx_word' id='word_1_234' title='bbox 338 2894 395 2948; x_wconf 83' lang='grc' dir='ltr'><strong>δέ</strong></span> <span class='ocrx_word' id='word_1_235' title='bbox 427 2893 521 2947; x_wconf 84' lang='grc' dir='ltr'><strong>τοῦ</strong></span> <span class='ocrx_word' id='word_1_236' title='bbox 568 2894 779 2958; x_wconf 81' lang='grc' dir='ltr'><strong>πάθους</strong></span> <span class='ocrx_word' id='word_1_237' title='bbox 819 2895 878 2948; x_wconf 89' lang='grc' dir='ltr'><strong>ἐν</strong></span> <span class='ocrx_word' id='word_1_238' title='bbox 907 2895 973 2966; x_wconf 73' lang='grc' dir='ltr'><strong>τῇ</strong></span> <span class='ocrx_word' id='word_1_239' title='bbox 998 2893 1132 2965; x_wconf 81' lang='grc' dir='ltr'><strong>ἐκτῃ</strong></span> <span class='ocrx_word' id='word_1_240' title='bbox 1174 2893 1284 2947; x_wconf 85' lang='grc' dir='ltr'><strong>τῶν</strong></span> <span class='ocrx_word' id='word_1_241' title='bbox 1307 2894 1530 2965; x_wconf 74' lang='grc' dir='ltr'><strong>ἡμερῶν</strong></span> <span class='ocrx_word' id='word_1_242' title='bbox 1550 2933 1565 2957; x_wconf 94' lang='grc'><strong>,</strong></span> <span class='ocrx_word' id='word_1_243' title='bbox 1614 2894 1736 2965; x_wconf 75' lang='grc' dir='ltr'><strong>ἣτις</strong></span> 
     </span>
    </p>
   </div>
   <div class='ocr_carea' id='block_1_14' title="bbox 1830 514 3419 1227">
    <p class='ocr_par' dir='ltr' id='par_1_15' title="bbox 1830 514 3419 1227">
     <span class='ocr_line' id='line_1_32' title="bbox 1830 514 3414 593; baseline -0.008 -15"><span class='ocrx_word' id='word_1_244' title='bbox 1830 522 1904 578; x_wconf 91' lang='lat' dir='ltr'>illi</span> <span class='ocrx_word' id='word_1_245' title='bbox 1936 522 2177 593; x_wconf 67' lang='lat' dir='ltr'>aequales</span> <span class='ocrx_word' id='word_1_246' title='bbox 2220 517 2487 585; x_wconf 85' lang='lat' dir='ltr'>numeris,</span> <span class='ocrx_word' id='word_1_247' title='bbox 2512 525 2701 587; x_wconf 89' lang='lat' dir='ltr'>utpote</span> <span class='ocrx_word' id='word_1_248' title='bbox 2731 516 3027 586; x_wconf 80' lang='lat' dir='ltr'>ogdoades,</span> <span class='ocrx_word' id='word_1_249' title='bbox 3054 514 3146 585; x_wconf 86' lang='lat' dir='ltr'><strong>qui</strong></span> <span class='ocrx_word' id='word_1_250' title='bbox 3193 514 3414 582; x_wconf 82' lang='lat' dir='ltr'>quidem</span> 
     </span>
     <span class='ocr_line' id='line_1_33' title="bbox 1831 607 3419 683; baseline -0.007 -14"><span class='ocrx_word' id='word_1_251' title='bbox 1831 624 1942 670; x_wconf 86' lang='lat' dir='ltr'>tres</span> <span class='ocrx_word' id='word_1_252' title='bbox 1970 615 2075 669; x_wconf 89' lang='lat' dir='ltr'>sibi</span> <span class='ocrx_word' id='word_1_253' title='bbox 2109 613 2278 668; x_wconf 81' lang='lat' dir='ltr'>additi</span> <span class='ocrx_word' id='word_1_254' title='bbox 2309 611 2500 683; x_wconf 72' lang='lat' dir='ltr'>viginti</span> <span class='ocrx_word' id='word_1_255' title='bbox 2549 618 2781 680; x_wconf 84' lang='lat' dir='ltr'>quatuor</span> <span class='ocrx_word' id='word_1_256' title='bbox 2822 608 3033 662; x_wconf 90' lang='lat' dir='ltr'>illarum</span> <span class='ocrx_word' id='word_1_257' title='bbox 3065 607 3419 661; x_wconf 82' lang='lat' dir='ltr'>ostenderunt</span> 
     </span>
     <span class='ocr_line' id='line_1_34' title="bbox 1830 693 3416 769; baseline -0.007 -10"><span class='ocrx_word' id='word_1_258' title='bbox 1830 720 2137 761; x_wconf 84' lang='lat' dir='ltr'>numerum.</span> <span class='ocrx_word' id='word_1_259' title='bbox 2200 703 2328 757; x_wconf 87' lang='lat' dir='ltr'>Tria</span> <span class='ocrx_word' id='word_1_260' title='bbox 2385 712 2567 757; x_wconf 91' lang='lat' dir='ltr'>autem</span> <span class='ocrx_word' id='word_1_261' title='bbox 2628 699 2895 755; x_wconf 90' lang='lat' dir='ltr'>elementa</span> <span class='ocrx_word' id='word_1_262' title='bbox 2937 696 3287 769; x_wconf 68' lang='lat'>316-317</span> <span class='ocrx_word' id='word_1_263' title='bbox 3329 693 3416 748; x_wconf 86' lang='lat' dir='ltr'>illa</span> 
     </span>
     <span class='ocr_line' id='line_1_35' title="bbox 1832 785 3419 865; baseline -0.008 -15"><span class='ocrx_word' id='word_1_264' title='bbox 1832 796 1975 865; x_wconf 83' lang='lat' dir='ltr'>(quae</span> <span class='ocrx_word' id='word_1_265' title='bbox 1998 794 2115 863; x_wconf 87' lang='lat' dir='ltr'>ipse</span> <span class='ocrx_word' id='word_1_266' title='bbox 2144 793 2272 847; x_wconf 87' lang='lat' dir='ltr'>dicit</span> <span class='ocrx_word' id='word_1_267' title='bbox 2305 806 2428 848; x_wconf 83' lang='lat' dir='ltr'>esse</span> <span class='ocrx_word' id='word_1_268' title='bbox 2461 800 2740 845; x_wconf 85' lang='lat' dir='ltr'>ternarum</span> <span class='ocrx_word' id='word_1_269' title='bbox 2788 790 2842 843; x_wconf 93' lang='lat' dir='ltr'><strong>in</strong></span> <span class='ocrx_word' id='word_1_270' title='bbox 2896 785 3278 857; x_wconf 81' lang='lat' dir='ltr'>conjugatione</span> <span class='ocrx_word' id='word_1_271' title='bbox 3323 799 3419 853; x_wconf 88' lang='lat' dir='ltr'><strong>po-</strong></span> 
     </span>
     <span class='ocr_line' id='line_1_36' title="bbox 1834 877 3414 955; baseline -0.007 -14"><span class='ocrx_word' id='word_1_272' title='bbox 1834 895 2109 951; x_wconf 86' lang='lat' dir='ltr'>testatum,</span> <span class='ocrx_word' id='word_1_273' title='bbox 2155 900 2274 955; x_wconf 84' lang='lat' dir='ltr'><strong>quae</strong></span> <span class='ocrx_word' id='word_1_274' title='bbox 2300 893 2428 938; x_wconf 86' lang='lat' dir='ltr'>sunt</span> <span class='ocrx_word' id='word_1_275' title='bbox 2479 897 2602 947; x_wconf 82' lang='lat' dir='ltr'>sex,</span> <span class='ocrx_word' id='word_1_276' title='bbox 2664 884 2807 935; x_wconf 90' lang='lat' dir='ltr'>unde</span> <span class='ocrx_word' id='word_1_277' title='bbox 2867 887 3192 934; x_wconf 89' lang='lat' dir='ltr'>emanarunt</span> <span class='ocrx_word' id='word_1_278' title='bbox 3227 877 3414 947; x_wconf 82' lang='lat' dir='ltr'>viginti</span> 
     </span>
     <span class='ocr_line' id='line_1_37' title="bbox 1837 967 3419 1048; baseline -0.007 -17"><span class='ocrx_word' id='word_1_279' title='bbox 1837 988 2078 1048; x_wconf 63' lang='lat' dir='ltr'>quatuos</span> <span class='ocrx_word' id='word_1_280' title='bbox 2102 976 2394 1038; x_wconf 85' lang='lat' dir='ltr'>elementa)</span> <span class='ocrx_word' id='word_1_281' title='bbox 2440 971 2849 1043; x_wconf 84' lang='lat' dir='ltr'>quadruplicata</span> <span class='ocrx_word' id='word_1_282' title='bbox 2886 967 3172 1024; x_wconf 77' lang='lat' dir='ltr'>ineffabilis</span> <span class='ocrx_word' id='word_1_283' title='bbox 3202 978 3419 1036; x_wconf 78' lang='lat' dir='ltr'>quater-</span> 
     </span>
     <span class='ocr_line' id='line_1_38' title="bbox 1836 1055 3414 1135; baseline -0.01 -14"><span class='ocrx_word' id='word_1_284' title='bbox 1836 1069 2013 1122; x_wconf 85' lang='lat' dir='ltr'>nionis</span> <span class='ocrx_word' id='word_1_285' title='bbox 2033 1076 2284 1135; x_wconf 90' lang='lat' dir='ltr'>computo</span> <span class='ocrx_word' id='word_1_286' title='bbox 2309 1065 2557 1118; x_wconf 86' lang='lat' dir='ltr'>eumdem</span> <span class='ocrx_word' id='word_1_287' title='bbox 2583 1071 2746 1130; x_wconf 85' lang='lat' dir='ltr'>atque</span> <span class='ocrx_word' id='word_1_288' title='bbox 2767 1061 2855 1114; x_wconf 88' lang='lat' dir='ltr'>illa</span> <span class='ocrx_word' id='word_1_289' title='bbox 2879 1073 3161 1113; x_wconf 85' lang='lat' dir='ltr'>nnmerum</span> <span class='ocrx_word' id='word_1_290' title='bbox 3182 1055 3414 1120; x_wconf 81' lang='lat' dir='ltr'>faciunt,</span> 
     </span>
     <span class='ocr_line' id='line_1_39' title="bbox 1834 1147 3418 1227; baseline -0.009 -16"><span class='ocrx_word' id='word_1_291' title='bbox 1834 1173 1953 1227; x_wconf 70' lang='lat' dir='ltr'>quae</span> <span class='ocrx_word' id='word_1_292' title='bbox 1991 1171 2110 1212; x_wconf 89' lang='lat' dir='ltr'>esse</span> <span class='ocrx_word' id='word_1_293' title='bbox 2149 1156 2227 1210; x_wconf 89' lang='lat' dir='ltr'><strong>ait</strong></span> <span class='ocrx_word' id='word_1_294' title='bbox 2259 1153 2610 1212; x_wconf 84' lang='lat' dir='ltr'>lunominati.</span> <span class='ocrx_word' id='word_1_295' title='bbox 2647 1150 2800 1206; x_wconf 84' lang='lat' dir='ltr'>Ferri</span> <span class='ocrx_word' id='word_1_296' title='bbox 2856 1160 3036 1204; x_wconf 89' lang='lat' dir='ltr'>autem</span> <span class='ocrx_word' id='word_1_297' title='bbox 3106 1147 3196 1201; x_wconf 84' lang='lat' dir='ltr'>illa</span> <span class='ocrx_word' id='word_1_298' title='bbox 3249 1160 3277 1197; x_wconf 86' lang='lat' dir='ltr'><strong>a</strong></span> <span class='ocrx_word' id='word_1_299' title='bbox 3324 1160 3418 1199; x_wconf 76' lang='lat' dir='ltr'><strong>sex</strong></span> 
     </span>
    </p>
   </div>
   <div class='ocr_carea' id='block_1_15' title="bbox 1833 1238 3420 1405">
    <p class='ocr_par' dir='ltr' id='par_1_16' title="bbox 1833 1238 3420 1405">
     <span class='ocr_line' id='line_1_40' title="bbox 1836 1238 3417 1315; baseline -0.01 -14"><span class='ocrx_word' id='word_1_300' title='bbox 1836 1246 2198 1315; x_wconf 86' lang='lat' dir='ltr'>potestatibus</span> <span class='ocrx_word' id='word_1_301' title='bbox 2237 1245 2291 1299; x_wconf 91' lang='lat' dir='ltr'><strong>in</strong></span> <span class='ocrx_word' id='word_1_302' title='bbox 2342 1242 2752 1298; x_wconf 84' lang='lat' dir='ltr'>similitudinem</span> <span class='ocrx_word' id='word_1_303' title='bbox 2813 1238 3131 1302; x_wconf 81' lang='lat' dir='ltr'>lnvisibilis,</span> <span class='ocrx_word' id='word_1_304' title='bbox 3184 1250 3417 1305; x_wconf 84' lang='lat' dir='ltr'>qnorum</span> 
     </span>
     <span class='ocr_line' id='line_1_41' title="bbox 1833 1317 3420 1405; baseline -0.009 -11"><span class='ocrx_word' id='word_1_305' title='bbox 1833 1340 2221 1394; x_wconf 85' lang='lat' dir='ltr'>elementorum</span> <span class='ocrx_word' id='word_1_306' title='bbox 2250 1317 2514 1405; x_wconf 78' lang='lat' dir='ltr'>imagines</span> <span class='ocrx_word' id='word_1_307' title='bbox 2565 1332 2861 1403; x_wconf 77' lang='lat' dir='ltr'>imaginum</span> <span class='ocrx_word' id='word_1_308' title='bbox 2897 1346 2990 1385; x_wconf 82' lang='lat' dir='ltr'><strong>sex</strong></span> <span class='ocrx_word' id='word_1_309' title='bbox 3038 1329 3277 1399; x_wconf 77' lang='lat' dir='ltr'><strong>duplices</strong></span> <span class='ocrx_word' id='word_1_310' title='bbox 3325 1327 3420 1381; x_wconf 87' lang='lat' dir='ltr'>lit-</span> 
     </span>
    </p>
   </div>
   <div class='ocr_carea' id='block_1_16' title="bbox 1833 1423 3421 1584">
    <p class='ocr_par' dir='ltr' id='par_1_17' title="bbox 1833 1423 3421 1584">
     <span class='ocr_line' id='line_1_42' title="bbox 1835 1423 3420 1496; baseline -0.009 -11"><span class='ocrx_word' id='word_1_311' title='bbox 1835 1440 1981 1485; x_wconf 85' lang='lat' dir='ltr'>teras</span> <span class='ocrx_word' id='word_1_312' title='bbox 2015 1428 2303 1493; x_wconf 76' lang='lat' dir='ltr'>exsistere,</span> <span class='ocrx_word' id='word_1_313' title='bbox 2354 1442 2474 1496; x_wconf 83' lang='lat' dir='ltr'>quae</span> <span class='ocrx_word' id='word_1_314' title='bbox 2523 1425 2891 1480; x_wconf 68' lang='lat' dir='ltr'><strong>adnumeratae</strong></span> <span class='ocrx_word' id='word_1_315' title='bbox 2944 1423 3127 1492; x_wconf 56' lang='lat' dir='ltr'>siginti</span> <span class='ocrx_word' id='word_1_316' title='bbox 3188 1432 3420 1489; x_wconf 83' lang='lat' dir='ltr'>quatuor</span> 
     </span>
     <span class='ocr_line' id='line_1_43' title="bbox 1833 1510 3421 1584; baseline -0.006 -13"><span class='ocrx_word' id='word_1_317' title='bbox 1833 1514 2117 1571; x_wconf 83' lang='lat' dir='ltr'>elementis</span> <span class='ocrx_word' id='word_1_318' title='bbox 2147 1529 2213 1568; x_wconf 83' lang='lat' dir='ltr'><strong>ex</strong></span> <span class='ocrx_word' id='word_1_319' title='bbox 2257 1521 2526 1584; x_wconf 81' lang='lat' dir='ltr'>potestate</span> <span class='ocrx_word' id='word_1_320' title='bbox 2582 1512 2809 1583; x_wconf 76' lang='lat' dir='ltr'>analoga</span> <span class='ocrx_word' id='word_1_321' title='bbox 2873 1525 3160 1567; x_wconf 87' lang='lat' dir='ltr'>numerum</span> <span class='ocrx_word' id='word_1_322' title='bbox 3195 1510 3421 1564; x_wconf 82' lang='lat' dir='ltr'>tricena·</span> 
     </span>
    </p>
   </div>
   <div class='ocr_carea' id='block_1_17' title="bbox 1835 1601 2255 1659">
    <p class='ocr_par' dir='ltr' id='par_1_18' title="bbox 1835 1601 2255 1659">
     <span class='ocr_line' id='line_1_44' title="bbox 1835 1601 2255 1659; baseline -0.002 0"><span class='ocrx_word' id='word_1_323' title='bbox 1835 1604 1973 1659; x_wconf 89' lang='lat' dir='ltr'>rium</span> <span class='ocrx_word' id='word_1_324' title='bbox 1998 1601 2255 1659; x_wconf 85' lang='lat' dir='ltr'>efficiunt.</span> 
     </span>
    </p>
   </div>
   <div class='ocr_carea' id='block_1_18' title="bbox 1833 1888 3479 2967">
    <p class='ocr_par' dir='ltr' id='par_1_19' title="bbox 1833 1888 3479 2967">
     <span class='ocr_line' id='line_1_45' title="bbox 1906 1888 3417 1962; baseline -0.005 -15"><span class='ocrx_word' id='word_1_325' title='bbox 1906 1892 1999 1948; x_wconf 65' lang='lat'><strong>47.</strong></span> <span class='ocrx_word' id='word_1_326' title='bbox 2042 1891 2214 1962; x_wconf 83' lang='lat' dir='ltr'>llujus</span> <span class='ocrx_word' id='word_1_327' title='bbox 2246 1890 2485 1961; x_wconf 87' lang='lat' dir='ltr'>computi</span> <span class='ocrx_word' id='word_1_328' title='bbox 2524 1891 2797 1960; x_wconf 78' lang='lat' dir='ltr'>hujusque</span> <span class='ocrx_word' id='word_1_329' title='bbox 2837 1888 3257 1959; x_wconf 75' lang='lat' dir='ltr'>dispensationis</span> <span class='ocrx_word' id='word_1_330' title='bbox 3306 1888 3417 1942; x_wconf 82' lang='lat' dir='ltr'>frn-</span> 
     </span>
     <span class='ocr_line' id='line_1_46' title="bbox 1837 1980 3415 2052; baseline -0.005 -14"><span class='ocrx_word' id='word_1_331' title='bbox 1837 1992 1983 2039; x_wconf 86' lang='lat' dir='ltr'>ctum</span> <span class='ocrx_word' id='word_1_332' title='bbox 2019 1984 2094 2036; x_wconf 91' lang='lat' dir='ltr'><strong>ait</strong></span> <span class='ocrx_word' id='word_1_333' title='bbox 2121 1984 2172 2035; x_wconf 89' lang='lat' dir='ltr'><strong>in</strong></span> <span class='ocrx_word' id='word_1_334' title='bbox 2202 1981 2555 2037; x_wconf 83' lang='lat' dir='ltr'>similitudine</span> <span class='ocrx_word' id='word_1_335' title='bbox 2608 1982 2861 2052; x_wconf 79' lang='lat' dir='ltr'>imaginis</span> <span class='ocrx_word' id='word_1_336' title='bbox 2902 1980 3214 2048; x_wconf 78' lang='lat' dir='ltr'>apparuisse</span> <span class='ocrx_word' id='word_1_337' title='bbox 3243 1980 3415 2048; x_wconf 78' lang='lat' dir='ltr'>illum,</span> 
     </span>
     <span class='ocr_line' id='line_1_47' title="bbox 1837 2070 3419 2145; baseline -0.003 -17"><span class='ocrx_word' id='word_1_338' title='bbox 1837 2074 1927 2145; x_wconf 88' lang='lat' dir='ltr'><strong>qui</strong></span> <span class='ocrx_word' id='word_1_339' title='bbox 1960 2084 2080 2143; x_wconf 87' lang='lat' dir='ltr'>post</span> <span class='ocrx_word' id='word_1_340' title='bbox 2112 2089 2205 2128; x_wconf 84' lang='lat' dir='ltr'><strong>sex</strong></span> <span class='ocrx_word' id='word_1_341' title='bbox 2240 2073 2356 2127; x_wconf 87' lang='lat' dir='ltr'>dies</span> <span class='ocrx_word' id='word_1_342' title='bbox 2405 2082 2637 2141; x_wconf 81' lang='lat' dir='ltr'>quartus</span> <span class='ocrx_word' id='word_1_343' title='bbox 2671 2072 2784 2137; x_wconf 86' lang='lat' dir='ltr'>ipse</span> <span class='ocrx_word' id='word_1_344' title='bbox 2826 2070 3132 2124; x_wconf 80' lang='lat' dir='ltr'>ascenderit</span> <span class='ocrx_word' id='word_1_345' title='bbox 3169 2070 3219 2122; x_wconf 90' lang='lat' dir='ltr'><strong>in</strong></span> <span class='ocrx_word' id='word_1_346' title='bbox 3267 2085 3419 2125; x_wconf 80' lang='lat' dir='ltr'>mon·-</span> 
     </span>
     <span class='ocr_line' id='line_1_48' title="bbox 1840 2162 3416 2234; baseline -0.004 -13"><span class='ocrx_word' id='word_1_347' title='bbox 1840 2175 1943 2221; x_wconf 90' lang='lat' dir='ltr'><strong>tem</strong></span> <span class='ocrx_word' id='word_1_348' title='bbox 1970 2176 2025 2219; x_wconf 88' lang='lat' dir='ltr'><strong>et</strong></span> <span class='ocrx_word' id='word_1_349' title='bbox 2048 2165 2223 2220; x_wconf 78' lang='lat' dir='ltr'>sactus</span> <span class='ocrx_word' id='word_1_350' title='bbox 2269 2168 2339 2219; x_wconf 88' lang='lat' dir='ltr'><strong>sit</strong></span> <span class='ocrx_word' id='word_1_351' title='bbox 2368 2173 2575 2232; x_wconf 81' lang='lat' dir='ltr'>sextus,</span> <span class='ocrx_word' id='word_1_352' title='bbox 2621 2164 2713 2234; x_wconf 85' lang='lat' dir='ltr'><strong>qui</strong></span> <span class='ocrx_word' id='word_1_353' title='bbox 2762 2162 3105 2218; x_wconf 86' lang='lat' dir='ltr'>descenderit</span> <span class='ocrx_word' id='word_1_354' title='bbox 3143 2172 3195 2215; x_wconf 88' lang='lat' dir='ltr'><strong>et</strong></span> <span class='ocrx_word' id='word_1_355' title='bbox 3225 2162 3416 2215; x_wconf 87' lang='lat' dir='ltr'>‹leten-</span> 
     </span>
     <span class='ocr_line' id='line_1_49' title="bbox 1837 2253 3416 2323; baseline -0.004 -11"><span class='ocrx_word' id='word_1_356' title='bbox 1837 2268 1923 2313; x_wconf 87' lang='lat' dir='ltr'>tus</span> <span class='ocrx_word' id='word_1_357' title='bbox 1945 2258 2012 2312; x_wconf 88' lang='lat' dir='ltr'><strong>sit</strong></span> <span class='ocrx_word' id='word_1_358' title='bbox 2046 2257 2098 2310; x_wconf 92' lang='lat' dir='ltr'><strong>in</strong></span> <span class='ocrx_word' id='word_1_359' title='bbox 2132 2256 2489 2320; x_wconf 83' lang='lat' dir='ltr'>hebdomade,</span> <span class='ocrx_word' id='word_1_360' title='bbox 2520 2270 2639 2309; x_wconf 78' lang='lat' dir='ltr'><strong>eum</strong></span> <span class='ocrx_word' id='word_1_361' title='bbox 2670 2264 2814 2310; x_wconf 85' lang='lat' dir='ltr'>esset</span> <span class='ocrx_word' id='word_1_362' title='bbox 2852 2253 3077 2323; x_wconf 83' lang='lat' dir='ltr'>insignis</span> <span class='ocrx_word' id='word_1_363' title='bbox 3121 2254 3322 2322; x_wconf 79' lang='lat' dir='ltr'>ogdoas</span> <span class='ocrx_word' id='word_1_364' title='bbox 3362 2261 3416 2305; x_wconf 88' lang='lat' dir='ltr'><strong>et</strong></span> 
     </span>
     <span class='ocr_line' id='line_1_50' title="bbox 1836 2344 3479 2406; baseline -0.005 -5"><span class='ocrx_word' id='word_1_365' title='bbox 1836 2348 1889 2401; x_wconf 92' lang='lat' dir='ltr'><strong>in</strong></span> <span class='ocrx_word' id='word_1_366' title='bbox 1921 2362 1980 2402; x_wconf 86' lang='lat' dir='ltr'><strong>se</strong></span> <span class='ocrx_word' id='word_1_367' title='bbox 2020 2347 2247 2402; x_wconf 76' lang='lat' dir='ltr'>liaberet</span> <span class='ocrx_word' id='word_1_368' title='bbox 2299 2347 2612 2400; x_wconf 82' lang='lat' dir='ltr'>universnm</span> <span class='ocrx_word' id='word_1_369' title='bbox 2669 2359 2952 2399; x_wconf 84' lang='lat' dir='ltr'>numerum</span> <span class='ocrx_word' id='word_1_370' title='bbox 2999 2344 3414 2406; x_wconf 85' lang='lat' dir='ltr'>elementorum,</span> <span class='ocrx_word' id='word_1_371' title='bbox 3470 2378 3479 2388; x_wconf 88' lang='lat'><strong><em>.</em></strong></span> 
     </span>
     <span class='ocr_line' id='line_1_51' title="bbox 1836 2435 3416 2511; baseline -0.006 -15"><span class='ocrx_word' id='word_1_372' title='bbox 1836 2455 1995 2511; x_wconf 86' lang='lat' dir='ltr'>quem</span> <span class='ocrx_word' id='word_1_373' title='bbox 2030 2438 2485 2503; x_wconf 75' lang='lat' dir='ltr'>manifestaverit,</span> <span class='ocrx_word' id='word_1_374' title='bbox 2514 2454 2634 2491; x_wconf 86' lang='lat' dir='ltr'><strong>cum</strong></span> <span class='ocrx_word' id='word_1_375' title='bbox 2682 2438 2746 2491; x_wconf 89' lang='lat' dir='ltr'><strong>ad</strong></span> <span class='ocrx_word' id='word_1_376' title='bbox 2778 2437 3102 2504; x_wconf 78' lang='lat' dir='ltr'>baptismum</span> <span class='ocrx_word' id='word_1_377' title='bbox 3159 2435 3416 2497; x_wconf 83' lang='lat' dir='ltr'>venisset,</span> 
     </span>
     <span class='ocr_line' id='line_1_52' title="bbox 1838 2526 3415 2601; baseline -0.006 -13"><span class='ocrx_word' id='word_1_378' title='bbox 1838 2531 2098 2588; x_wconf 62' lang='lat' dir='ltr'>columbae</span> <span class='ocrx_word' id='word_1_379' title='bbox 2131 2532 2444 2595; x_wconf 66' lang='lat' dir='ltr'>descensttS,</span> <span class='ocrx_word' id='word_1_380' title='bbox 2475 2546 2595 2601; x_wconf 83' lang='lat' dir='ltr'>qttoe</span> <span class='ocrx_word' id='word_1_381' title='bbox 2618 2530 2684 2585; x_wconf 88' lang='lat' dir='ltr'><strong>sit</strong></span> <span class='ocrx_word' id='word_1_382' title='bbox 2718 2536 2773 2583; x_wconf 88' lang='grc' dir='ltr'><strong>ω’</strong></span> <span class='ocrx_word' id='word_1_383' title='bbox 2802 2539 2854 2583; x_wconf 90' lang='lat' dir='ltr'><strong>et</strong></span> <span class='ocrx_word' id='word_1_384' title='bbox 2884 2526 2958 2594; x_wconf 84' lang='grc' dir='ltr'><strong>α’,</strong></span> <span class='ocrx_word' id='word_1_385' title='bbox 2990 2543 3085 2596; x_wconf 88' lang='lat' dir='ltr'><strong>per</strong></span> <span class='ocrx_word' id='word_1_386' title='bbox 3109 2541 3415 2589; x_wconf 82' lang='lat' dir='ltr'>nnmerum,</span> 
     </span>
     <span class='ocr_line' id='line_1_53' title="bbox 1835 2614 3416 2692; baseline -0.006 -16"><span class='ocrx_word' id='word_1_387' title='bbox 1835 2622 1927 2692; x_wconf 87' lang='lat' dir='ltr'><strong>qui</strong></span> <span class='ocrx_word' id='word_1_388' title='bbox 1953 2623 2258 2678; x_wconf 85' lang='lat' dir='ltr'>ostenditur</span> <span class='ocrx_word' id='word_1_389' title='bbox 2281 2621 2409 2684; x_wconf 85' lang='grc'><strong>801,</strong></span> <span class='ocrx_word' id='word_1_390' title='bbox 2457 2631 2513 2675; x_wconf 91' lang='lat' dir='ltr'><strong>et</strong></span> <span class='ocrx_word' id='word_1_391' title='bbox 2559 2626 2846 2689; x_wconf 84' lang='lat' dir='ltr'>propterea</span> <span class='ocrx_word' id='word_1_392' title='bbox 2880 2617 3080 2672; x_wconf 84' lang='lat' dir='ltr'>Mosem</span> <span class='ocrx_word' id='word_1_393' title='bbox 3136 2616 3318 2671; x_wconf 82' lang='lat' dir='ltr'>dicere</span> <span class='ocrx_word' id='word_1_394' title='bbox 3361 2614 3416 2668; x_wconf 89' lang='lat' dir='ltr'><strong>in</strong></span> 
     </span>
     <span class='ocr_line' id='line_1_54' title="bbox 1836 2707 3413 2777; baseline -0.006 -8"><span class='ocrx_word' id='word_1_395' title='bbox 1836 2723 1992 2770; x_wconf 82' lang='lat' dir='ltr'>sexto</span> <span class='ocrx_word' id='word_1_396' title='bbox 2013 2714 2100 2769; x_wconf 92' lang='lat' dir='ltr'><strong>die</strong></span> <span class='ocrx_word' id='word_1_397' title='bbox 2128 2713 2402 2767; x_wconf 88' lang='lat' dir='ltr'>bominem</span> <span class='ocrx_word' id='word_1_398' title='bbox 2445 2712 2652 2774; x_wconf 77' lang='lat' dir='ltr'>sactum</span> <span class='ocrx_word' id='word_1_399' title='bbox 2691 2725 2832 2765; x_wconf 82' lang='lat' dir='ltr'>esse.</span> <span class='ocrx_word' id='word_1_400' title='bbox 2864 2707 2931 2762; x_wconf 80' lang='lat' dir='ltr'><strong>Et</strong></span> <span class='ocrx_word' id='word_1_401' title='bbox 2960 2708 3413 2777; x_wconf 81' lang='lat' dir='ltr'>dispensationem</span> 
     </span>
     <span class='ocr_line' id='line_1_55' title="bbox 1833 2801 3412 2875; baseline -0.007 -15"><span class='ocrx_word' id='word_1_402' title='bbox 1833 2821 1965 2861; x_wconf 78' lang='lat' dir='ltr'>vero</span> <span class='ocrx_word' id='word_1_403' title='bbox 2023 2805 2291 2875; x_wconf 84' lang='lat' dir='ltr'>passionis</span> <span class='ocrx_word' id='word_1_404' title='bbox 2341 2805 2394 2858; x_wconf 92' lang='lat' dir='ltr'><strong>in</strong></span> <span class='ocrx_word' id='word_1_405' title='bbox 2448 2811 2605 2858; x_wconf 83' lang='lat' dir='ltr'>sexto</span> <span class='ocrx_word' id='word_1_406' title='bbox 2653 2801 2759 2863; x_wconf 86' lang='lat' dir='ltr'>die.</span> <span class='ocrx_word' id='word_1_407' title='bbox 2794 2815 2915 2871; x_wconf 68' lang='lat' dir='ltr'>qua».</span> <span class='ocrx_word' id='word_1_408' title='bbox 2963 2809 3047 2854; x_wconf 83' lang='lat' dir='ltr'><strong>est</strong></span> <span class='ocrx_word' id='word_1_409' title='bbox 3103 2811 3412 2868; x_wconf 78' lang='lat' dir='ltr'>parasceve,</span> 
     </span>
     <span class='ocr_line' id='line_1_56' title="bbox 1833 2889 3412 2967; baseline -0.007 -17"><span class='ocrx_word' id='word_1_410' title='bbox 1833 2896 2193 2967; x_wconf 72' lang='lat'>318-319</span> <span class='ocrx_word' id='word_1_411' title='bbox 2226 2894 2474 2949; x_wconf 88' lang='lat' dir='ltr'>ultimum</span> <span class='ocrx_word' id='word_1_412' title='bbox 2505 2892 2781 2948; x_wconf 85' lang='lat' dir='ltr'>hominem</span> <span class='ocrx_word' id='word_1_413' title='bbox 2829 2891 2894 2943; x_wconf 89' lang='lat' dir='ltr'><strong>ad</strong></span> <span class='ocrx_word' id='word_1_414' title='bbox 2944 2889 3412 2961; x_wconf 78' lang='lat' dir='ltr'>regenerationem</span> 
     </span>
    </p>
   </div>
   <div class='ocr_carea' id='block_1_19' title="bbox 31 5576 518 5669">
    <p class='ocr_par' dir='ltr' id='par_1_20' title="bbox 31 5576 518 5669">
     <span class='ocr_line' id='line_1_57' title="bbox 31 5576 518 5669; baseline -0.008 -17"><span class='ocrx_word' id='word_1_415' title='bbox 31 5576 32 5597; x_wconf 15' lang='grc' dir='ltr'><em>Χ</em></span> <span class='ocrx_word' id='word_1_416' title='bbox 146 5597 417 5669; x_wconf 82' lang='grc' dir='ltr'><strong>νομάστου</strong></span> <span class='ocrx_word' id='word_1_417' title='bbox 456 5593 518 5651; x_wconf 84' lang='lat' dir='ltr'><strong>G.</strong></span> 
     </span>
    </p>
   </div>
   <div class='ocr_carea' id='block_1_20' title="bbox 146 2977 3414 3510">
    <p class='ocr_par' dir='ltr' id='par_1_21' title="bbox 146 2977 3414 3510">
     <span class='ocr_line' id='line_1_58' title="bbox 150 2977 3414 3059; baseline -0.003 -19"><span class='ocrx_word' id='word_1_418' title='bbox 150 2985 302 3040; x_wconf 68' lang='grc' dir='ltr'><strong>ἐστὶν</strong></span> <span class='ocrx_word' id='word_1_419' title='bbox 343 2986 376 3056; x_wconf 72' lang='grc' dir='ltr'>ἡ</span> <span class='ocrx_word' id='word_1_420' title='bbox 428 2985 749 3059; x_wconf 74' lang='grc' dir='ltr'><strong>παρασκευὴ</strong></span> <span class='ocrx_word' id='word_1_421' title='bbox 769 2987 838 3049; x_wconf 82' lang='lat'><strong>⁸¹,</strong></span> <span class='ocrx_word' id='word_1_422' title='bbox 891 2986 984 3040; x_wconf 75' lang='grc' dir='ltr'><strong>τὸν</strong></span> <span class='ocrx_word' id='word_1_423' title='bbox 1038 2984 1270 3056; x_wconf 79' lang='grc' dir='ltr'><strong>ἔσχατον</strong></span> <span class='ocrx_word' id='word_1_424' title='bbox 1312 2985 1600 3057; x_wconf 76' lang='grc' dir='ltr'><strong>ἄνθρωπον</strong></span> <span class='ocrx_word' id='word_1_425' title='bbox 1655 2986 1735 3048; x_wconf 84' lang='grc' dir='ltr'><strong>εἰς</strong></span> <span class='ocrx_word' id='word_1_426' title='bbox 1837 2985 1997 3057; x_wconf 89' lang='lat' dir='ltr'>primi</span> <span class='ocrx_word' id='word_1_427' title='bbox 2024 2983 2261 3038; x_wconf 81' lang='lat' dir='ltr'>hominis</span> <span class='ocrx_word' id='word_1_428' title='bbox 2289 2982 2625 3052; x_wconf 80' lang='lat' dir='ltr'>apparuisse.</span> <span class='ocrx_word' id='word_1_429' title='bbox 2654 2980 2826 3050; x_wconf 80' lang='lat' dir='ltr'>liujus</span> <span class='ocrx_word' id='word_1_430' title='bbox 2857 2979 3280 3048; x_wconf 81' lang='lat' dir='ltr'>dispensationis</span> <span class='ocrx_word' id='word_1_431' title='bbox 3304 2977 3414 3032; x_wconf 87' lang='lat' dir='ltr'>ini-</span> 
     </span>
     <span class='ocr_line' id='line_1_59' title="bbox 149 3069 3410 3172; baseline -0.003 -42"><span class='ocrx_word' id='word_1_432' title='bbox 149 3077 514 3147; x_wconf 81' lang='grc' dir='ltr'><strong>ἀναγέννησιν</strong></span> <span class='ocrx_word' id='word_1_433' title='bbox 536 3075 631 3130; x_wconf 84' lang='grc' dir='ltr'><strong>τοῦ</strong></span> <span class='ocrx_word' id='word_1_434' title='bbox 658 3075 877 3149; x_wconf 83' lang='grc' dir='ltr'><strong>πρώτου</strong></span> <span class='ocrx_word' id='word_1_435' title='bbox 912 3075 1203 3148; x_wconf 82' lang='grc' dir='ltr'><strong>ἀνθρώπου</strong></span> <span class='ocrx_word' id='word_1_436' title='bbox 1233 3078 1553 3148; x_wconf 76' lang='grc' dir='ltr'><strong>πεφηνέναι.</strong></span> <span class='ocrx_word' id='word_1_437' title='bbox 1585 3075 1730 3129; x_wconf 71' lang='lat' dir='ltr'>Tati·</span> <span class='ocrx_word' id='word_1_438' title='bbox 1763 3115 1804 3172; x_wconf 77' lang='lat' dir='ltr'>C</span> <span class='ocrx_word' id='word_1_439' title='bbox 1839 3075 1969 3129; x_wconf 89' lang='lat' dir='ltr'>tium</span> <span class='ocrx_word' id='word_1_440' title='bbox 1999 3082 2053 3127; x_wconf 89' lang='lat' dir='ltr'><strong>et</strong></span> <span class='ocrx_word' id='word_1_441' title='bbox 2085 3073 2244 3126; x_wconf 72' lang='lat' dir='ltr'>finem</span> <span class='ocrx_word' id='word_1_442' title='bbox 2266 3082 2474 3127; x_wconf 80' lang='lat' dir='ltr'>sextam</span> <span class='ocrx_word' id='word_1_443' title='bbox 2507 3086 2631 3126; x_wconf 86' lang='lat' dir='ltr'>esse</span> <span class='ocrx_word' id='word_1_444' title='bbox 2652 3071 2866 3138; x_wconf 85' lang='lat' dir='ltr'>horam,</span> <span class='ocrx_word' id='word_1_445' title='bbox 2893 3072 2945 3124; x_wconf 92' lang='lat' dir='ltr'><strong>in</strong></span> <span class='ocrx_word' id='word_1_446' title='bbox 2978 3086 3080 3141; x_wconf 86' lang='lat' dir='ltr'><strong>qna</strong></span> <span class='ocrx_word' id='word_1_447' title='bbox 3108 3069 3302 3124; x_wconf 82' lang='lat' dir='ltr'>affixus</span> <span class='ocrx_word' id='word_1_448' title='bbox 3326 3078 3410 3124; x_wconf 86' lang='lat' dir='ltr'><strong>est</strong></span> 
     </span>
     <span class='ocr_line' id='line_1_60' title="bbox 146 3160 3413 3237; baseline -0.002 -17"><span class='ocrx_word' id='word_1_449' title='bbox 146 3182 254 3236; x_wconf 86' lang='grc' dir='ltr'><strong>της</strong></span> <span class='ocrx_word' id='word_1_450' title='bbox 276 3165 377 3237; x_wconf 80' lang='grc' dir='ltr'><strong>τῆς</strong></span> <span class='ocrx_word' id='word_1_451' title='bbox 397 3166 709 3237; x_wconf 77' lang='grc' dir='ltr'><strong>οἰκονομίας</strong></span> <span class='ocrx_word' id='word_1_452' title='bbox 740 3165 916 3237; x_wconf 74' lang='grc' dir='ltr'><strong>ἀρχὴν</strong></span> <span class='ocrx_word' id='word_1_453' title='bbox 946 3166 1042 3217; x_wconf 71' lang='grc' dir='ltr'><strong>καὶ</strong></span> <span class='ocrx_word' id='word_1_454' title='bbox 1072 3164 1228 3226; x_wconf 76' lang='grc' dir='ltr'><strong>τέλος</strong></span> <span class='ocrx_word' id='word_1_455' title='bbox 1260 3165 1359 3236; x_wconf 78' lang='grc' dir='ltr'><strong>τὴν</strong></span> <span class='ocrx_word' id='word_1_456' title='bbox 1383 3166 1549 3234; x_wconf 72' lang='grc' dir='ltr'><strong>ἕκτην</strong></span> <span class='ocrx_word' id='word_1_457' title='bbox 1582 3164 1732 3233; x_wconf 83' lang='grc' dir='ltr'><strong>ὥραν</strong></span> <span class='ocrx_word' id='word_1_458' title='bbox 1836 3163 2009 3219; x_wconf 84' lang='lat' dir='ltr'>cruci.</span> <span class='ocrx_word' id='word_1_459' title='bbox 2041 3161 2343 3217; x_wconf 72' lang='lat' dir='ltr'>perfectam</span> <span class='ocrx_word' id='word_1_460' title='bbox 2370 3162 2515 3216; x_wconf 87' lang='lat' dir='ltr'>enim</span> <span class='ocrx_word' id='word_1_461' title='bbox 2565 3160 2800 3216; x_wconf 79' lang='lat' dir='ltr'>Mentem</span> <span class='ocrx_word' id='word_1_462' title='bbox 2836 3161 3225 3231; x_wconf 77' lang='lat' dir='ltr'>intelligentem</span> <span class='ocrx_word' id='word_1_463' title='bbox 3252 3174 3413 3214; x_wconf 84' lang='lat' dir='ltr'>sena-</span> 
     </span>
     <span class='ocr_line' id='line_1_61' title="bbox 148 3249 3411 3330; baseline -0.002 -20"><span class='ocrx_word' id='word_1_464' title='bbox 148 3252 311 3320; x_wconf 82' lang='grc' dir='ltr'><strong>εἶναι,</strong></span> <span class='ocrx_word' id='word_1_465' title='bbox 352 3257 410 3309; x_wconf 84' lang='grc' dir='ltr'><strong>ἐν</strong></span> <span class='ocrx_word' id='word_1_466' title='bbox 458 3249 494 3329; x_wconf 76' lang='grc' dir='ltr'>ᾖ</span> <span class='ocrx_word' id='word_1_467' title='bbox 540 3253 867 3330; x_wconf 82' lang='grc' dir='ltr'><strong>προσηλώθη</strong></span> <span class='ocrx_word' id='word_1_468' title='bbox 912 3253 993 3325; x_wconf 81' lang='grc' dir='ltr'><strong>τῷ</strong></span> <span class='ocrx_word' id='word_1_469' title='bbox 1036 3253 1197 3326; x_wconf 81' lang='grc' dir='ltr'><strong>ξύλῳ.</strong></span> <span class='ocrx_word' id='word_1_470' title='bbox 1238 3253 1341 3308; x_wconf 68' lang='grc' dir='ltr'><strong>Τὸν</strong></span> <span class='ocrx_word' id='word_1_471' title='bbox 1374 3254 1485 3324; x_wconf 79' lang='grc' dir='ltr'><strong>γὰρ</strong></span> <span class='ocrx_word' id='word_1_472' title='bbox 1530 3252 1732 3305; x_wconf 81' lang='grc' dir='ltr'><strong>τέλειον</strong></span> <span class='ocrx_word' id='word_1_473' title='bbox 1839 3252 1976 3307; x_wconf 84' lang='lat' dir='ltr'>rium</span> <span class='ocrx_word' id='word_1_474' title='bbox 2005 3267 2310 3315; x_wconf 85' lang='lat' dir='ltr'>numerum,</span> <span class='ocrx_word' id='word_1_475' title='bbox 2343 3251 2434 3321; x_wconf 84' lang='lat' dir='ltr'><strong>qui</strong></span> <span class='ocrx_word' id='word_1_476' title='bbox 2488 3260 2810 3319; x_wconf 87' lang='lat' dir='ltr'>potestatem</span> <span class='ocrx_word' id='word_1_477' title='bbox 2861 3250 3085 3305; x_wconf 84' lang='lat' dir='ltr'>haberet</span> <span class='ocrx_word' id='word_1_478' title='bbox 3120 3249 3411 3304; x_wconf 80' lang='lat' dir='ltr'>creationis</span> 
     </span>
     <span class='ocr_line' id='line_1_62' title="bbox 148 3341 3414 3418; baseline -0.002 -17"><span class='ocrx_word' id='word_1_479' title='bbox 148 3348 297 3410; x_wconf 76' lang='grc' dir='ltr'><strong>νοῦν,</strong></span> <span class='ocrx_word' id='word_1_480' title='bbox 346 3346 710 3417; x_wconf 77' lang='grc' dir='ltr'><strong>ἐπιστάμενον</strong></span> <span class='ocrx_word' id='word_1_481' title='bbox 754 3345 847 3400; x_wconf 82' lang='grc' dir='ltr'><strong>τὸν</strong></span> <span class='ocrx_word' id='word_1_482' title='bbox 890 3346 999 3400; x_wconf 86' lang='grc' dir='ltr'><strong>τῶν</strong></span> <span class='ocrx_word' id='word_1_483' title='bbox 1044 3344 1106 3410; x_wconf 78' lang='grc' dir='ltr'><strong>ἓξ</strong></span> <span class='ocrx_word' id='word_1_484' title='bbox 1150 3345 1384 3418; x_wconf 76' lang='grc' dir='ltr'><strong>ἀριθμὸν</strong></span> <span class='ocrx_word' id='word_1_485' title='bbox 1431 3344 1660 3412; x_wconf 83' lang='grc' dir='ltr'><strong>δύναμιν</strong></span> <span class='ocrx_word' id='word_1_486' title='bbox 1687 3344 1732 3375; x_wconf 77' lang='grc'><strong><em>”</em></strong></span> <span class='ocrx_word' id='word_1_487' title='bbox 1839 3351 1894 3399; x_wconf 84' lang='lat' dir='ltr'><strong>et</strong></span> <span class='ocrx_word' id='word_1_488' title='bbox 1946 3343 2392 3413; x_wconf 83' lang='lat' dir='ltr'>regenerationis,</span> <span class='ocrx_word' id='word_1_489' title='bbox 2445 3343 2875 3398; x_wconf 76' lang='lat' dir='ltr'>manifestavisse</span> <span class='ocrx_word' id='word_1_490' title='bbox 2946 3342 3069 3397; x_wconf 86' lang='lat' dir='ltr'>liliis</span> <span class='ocrx_word' id='word_1_491' title='bbox 3126 3341 3258 3395; x_wconf 89' lang='lat' dir='ltr'>lucis</span> <span class='ocrx_word' id='word_1_492' title='bbox 3316 3356 3414 3410; x_wconf 75' lang='lat' dir='ltr'><strong>per</strong></span> 
     </span>
     <span class='ocr_line' id='line_1_63' title="bbox 150 3435 3412 3510; baseline -0.002 -18"><span class='ocrx_word' id='word_1_493' title='bbox 150 3438 424 3509; x_wconf 79' lang='grc' dir='ltr'><strong>ποιήσεως</strong></span> <span class='ocrx_word' id='word_1_494' title='bbox 452 3437 547 3491; x_wconf 76' lang='grc' dir='ltr'><strong>καὶ</strong></span> <span class='ocrx_word' id='word_1_495' title='bbox 581 3438 990 3510; x_wconf 78' lang='grc' dir='ltr'><strong>ἀναγεννήσεως</strong></span> <span class='ocrx_word' id='word_1_496' title='bbox 1020 3435 1212 3508; x_wconf 77' lang='grc' dir='ltr'><strong>ἔχοντα</strong></span> <span class='ocrx_word' id='word_1_497' title='bbox 1237 3476 1252 3503; x_wconf 92' lang='grc'><strong>,</strong></span> <span class='ocrx_word' id='word_1_498' title='bbox 1277 3436 1595 3506; x_wconf 78' lang='grc' dir='ltr'><strong>φανερῶσαι</strong></span> <span class='ocrx_word' id='word_1_499' title='bbox 1620 3437 1732 3499; x_wconf 83' lang='grc' dir='ltr'><strong>τοῖς</strong></span> <span class='ocrx_word' id='word_1_500' title='bbox 1838 3451 1982 3500; x_wconf 85' lang='lat' dir='ltr'>enm,</span> <span class='ocrx_word' id='word_1_501' title='bbox 2025 3435 2117 3504; x_wconf 83' lang='lat' dir='ltr'><strong>qui</strong></span> <span class='ocrx_word' id='word_1_502' title='bbox 2166 3438 2417 3505; x_wconf 81' lang='lat' dir='ltr'>apparuit</span> <span class='ocrx_word' id='word_1_503' title='bbox 2468 3435 2716 3506; x_wconf 73' lang='lat' dir='ltr'>insigniS,</span> <span class='ocrx_word' id='word_1_504' title='bbox 2764 3450 2905 3501; x_wconf 86' lang='lat' dir='ltr'>eam,</span> <span class='ocrx_word' id='word_1_505' title='bbox 2936 3450 3053 3504; x_wconf 79' lang='lat' dir='ltr'>qum</span> <span class='ocrx_word' id='word_1_506' title='bbox 3099 3450 3196 3503; x_wconf 84' lang='lat' dir='ltr'><strong>per</strong></span> <span class='ocrx_word' id='word_1_507' title='bbox 3237 3436 3412 3503; x_wconf 81' lang='lat' dir='ltr'>ipsum</span> 
     </span>
    </p>
   </div>
   <div class='ocr_carea' id='block_1_21' title="bbox 149 3658 3411 4280">
    <p class='ocr_par' dir='ltr' id='par_1_22' title="bbox 149 3658 3411 4280">
     <span class='ocr_line' id='line_1_64' title="bbox 149 3658 3410 3731; baseline -0.002 -14"><span class='ocrx_word' id='word_1_508' title='bbox 149 3661 324 3725; x_wconf 73' lang='grc' dir='ltr'><strong>οὕτως</strong></span> <span class='ocrx_word' id='word_1_509' title='bbox 353 3661 382 3714; x_wconf 84' lang='grc' dir='ltr'><strong>ὁ</strong></span> <span class='ocrx_word' id='word_1_510' title='bbox 414 3661 524 3715; x_wconf 86' lang='grc' dir='ltr'><strong>τῶν</strong></span> <span class='ocrx_word' id='word_1_511' title='bbox 556 3662 697 3716; x_wconf 82' lang='grc' dir='ltr'><strong>ἑπτὰ</strong></span> <span class='ocrx_word' id='word_1_512' title='bbox 724 3661 824 3731; x_wconf 81' lang='grc' dir='ltr'><strong>τὴν</strong></span> <span class='ocrx_word' id='word_1_513' title='bbox 850 3661 962 3716; x_wconf 85' lang='grc' dir='ltr'><strong>τῶν</strong></span> <span class='ocrx_word' id='word_1_514' title='bbox 989 3660 1133 3717; x_wconf 82' lang='grc' dir='ltr'><strong>ὀκτὼ</strong></span> <span class='ocrx_word' id='word_1_515' title='bbox 1160 3662 1458 3730; x_wconf 70' lang='grc' dir='ltr'><strong>ἐκομίσατο</strong></span> <span class='ocrx_word' id='word_1_516' title='bbox 1484 3659 1736 3729; x_wconf 82' lang='grc' dir='ltr'><strong>δύναμιν,</strong></span> <span class='ocrx_word' id='word_1_517' title='bbox 1847 3673 2036 3712; x_wconf 84' lang='lat' dir='ltr'>eornm</span> <span class='ocrx_word' id='word_1_518' title='bbox 2058 3658 2296 3726; x_wconf 80' lang='lat' dir='ltr'>quisunt</span> <span class='ocrx_word' id='word_1_519' title='bbox 2329 3670 2454 3713; x_wconf 87' lang='lat' dir='ltr'>octo</span> <span class='ocrx_word' id='word_1_520' title='bbox 2487 3658 2695 3728; x_wconf 86' lang='lat' dir='ltr'>accepit</span> <span class='ocrx_word' id='word_1_521' title='bbox 2721 3658 2994 3725; x_wconf 85' lang='lat' dir='ltr'>virtutem,</span> <span class='ocrx_word' id='word_1_522' title='bbox 3026 3668 3081 3714; x_wconf 89' lang='lat' dir='ltr'><strong>et</strong></span> <span class='ocrx_word' id='word_1_523' title='bbox 3114 3660 3248 3713; x_wconf 74' lang='lat' dir='ltr'>sacta</span> <span class='ocrx_word' id='word_1_524' title='bbox 3282 3666 3410 3713; x_wconf 85' lang='lat' dir='ltr'>sunt</span> 
     </span>
     <span class='ocr_line' id='line_1_65' title="bbox 150 3727 3406 3801; baseline -0.001 -15"><span class='ocrx_word' id='word_1_525' title='bbox 150 3733 246 3786; x_wconf 73' lang='grc' dir='ltr'><strong>καὶ</strong></span> <span class='ocrx_word' id='word_1_526' title='bbox 276 3731 525 3799; x_wconf 84' lang='grc' dir='ltr'><strong>ἐγένοντο</strong></span> <span class='ocrx_word' id='word_1_527' title='bbox 555 3733 605 3785; x_wconf 89' lang='grc' dir='ltr'><strong>οἰ</strong></span> <span class='ocrx_word' id='word_1_528' title='bbox 637 3732 792 3786; x_wconf 85' lang='grc' dir='ltr'><strong>τόποι</strong></span> <span class='ocrx_word' id='word_1_529' title='bbox 821 3731 996 3799; x_wconf 86' lang='grc' dir='ltr'><strong>δμοιοι</strong></span> <span class='ocrx_word' id='word_1_530' title='bbox 1029 3736 1143 3793; x_wconf 81' lang='grc' dir='ltr'><strong>τοῖς</strong></span> <span class='ocrx_word' id='word_1_531' title='bbox 1177 3732 1454 3801; x_wconf 79' lang='grc' dir='ltr'><strong>ἀριθμοῖς,</strong></span> <span class='ocrx_word' id='word_1_532' title='bbox 1486 3730 1739 3798; x_wconf 85' lang='grc' dir='ltr'><strong>όγδοάδες</strong></span> <span class='ocrx_word' id='word_1_533' title='bbox 1848 3730 1949 3781; x_wconf 83' lang='lat' dir='ltr'>tria</span> <span class='ocrx_word' id='word_1_534' title='bbox 1983 3728 2095 3781; x_wconf 83' lang='lat' dir='ltr'>loca</span> <span class='ocrx_word' id='word_1_535' title='bbox 2140 3727 2338 3782; x_wconf 81' lang='lat' dir='ltr'>similia</span> <span class='ocrx_word' id='word_1_536' title='bbox 2382 3729 2640 3793; x_wconf 53' lang='lat' dir='ltr'>numeris„</span> <span class='ocrx_word' id='word_1_537' title='bbox 2690 3745 2810 3782; x_wconf 87' lang='lat' dir='ltr'><strong>enm</strong></span> <span class='ocrx_word' id='word_1_538' title='bbox 2861 3729 2972 3783; x_wconf 89' lang='lat' dir='ltr'>sint</span> <span class='ocrx_word' id='word_1_539' title='bbox 2994 3730 3406 3784; x_wconf 75' lang='lat' dir='ltr'>octonationes:</span> 
     </span>
     <span class='ocr_line' id='line_1_66' title="bbox 1844 3798 3410 3869; baseline -0.001 -19"><span class='ocrx_word' id='word_1_540' title='bbox 1844 3812 1965 3869; x_wconf 77' lang='lat' dir='ltr'><strong>quae</strong></span> <span class='ocrx_word' id='word_1_541' title='bbox 2001 3806 2083 3852; x_wconf 87' lang='lat' dir='ltr'><strong>ter</strong></span> <span class='ocrx_word' id='word_1_542' title='bbox 2136 3798 2276 3852; x_wconf 80' lang='lat' dir='ltr'>inse</span> <span class='ocrx_word' id='word_1_543' title='bbox 2308 3798 2574 3866; x_wconf 77' lang='lat' dir='ltr'>venientia</span> <span class='ocrx_word' id='word_1_544' title='bbox 2630 3799 2816 3867; x_wconf 74' lang='lat' dir='ltr'>viginti</span> <span class='ocrx_word' id='word_1_545' title='bbox 2861 3808 3096 3864; x_wconf 78' lang='lat' dir='ltr'>quatuor</span> <span class='ocrx_word' id='word_1_546' title='bbox 3154 3801 3410 3853; x_wconf 84' lang='lat' dir='ltr'>ostende-</span> 
     </span>
     <span class='ocr_line' id='line_1_67' title="bbox 1843 3865 3405 3948; baseline 0 -29"><span class='ocrx_word' id='word_1_547' title='bbox 1843 3878 1967 3948; x_wconf 67' lang='lat' dir='ltr'>runt</span> <span class='ocrx_word' id='word_1_548' title='bbox 2001 3865 2393 3921; x_wconf 81' lang='lat' dir='ltr'>numerunt.Et</span> <span class='ocrx_word' id='word_1_549' title='bbox 2432 3869 2530 3921; x_wconf 87' lang='lat' dir='ltr'>tria</span> <span class='ocrx_word' id='word_1_550' title='bbox 2586 3869 2803 3936; x_wconf 78' lang='lat' dir='ltr'>quidem</span> <span class='ocrx_word' id='word_1_551' title='bbox 2832 3870 3094 3922; x_wconf 85' lang='lat' dir='ltr'>elementa</span> <span class='ocrx_word' id='word_1_552' title='bbox 3122 3869 3405 3937; x_wconf 64' lang='lat' dir='ltr'>(quoetlivit</span> 
     </span>
     <span class='ocr_line' id='line_1_68' title="bbox 1841 3937 3404 4006; baseline 0.001 -16"><span class='ocrx_word' id='word_1_553' title='bbox 1841 3951 1959 4003; x_wconf 76' lang='lat' dir='ltr'>lpse</span> <span class='ocrx_word' id='word_1_554' title='bbox 1984 3938 2142 3990; x_wconf 87' lang='lat' dir='ltr'>trium</span> <span class='ocrx_word' id='word_1_555' title='bbox 2173 3937 2223 3990; x_wconf 89' lang='lat' dir='ltr'><strong>in</strong></span> <span class='ocrx_word' id='word_1_556' title='bbox 2258 3938 2636 4005; x_wconf 67' lang='lat' dir='ltr'>conjugatione</span> <span class='ocrx_word' id='word_1_557' title='bbox 2672 3939 2928 3990; x_wconf 78' lang='lat' dir='ltr'>virtutum</span> <span class='ocrx_word' id='word_1_558' title='bbox 2966 3939 3253 4001; x_wconf 78' lang='lat' dir='ltr'>exsistere,</span> <span class='ocrx_word' id='word_1_559' title='bbox 3288 3953 3404 4006; x_wconf 77' lang='lat' dir='ltr'>qna·</span> 
     </span>
     <span class='ocr_line' id='line_1_69' title="bbox 1846 4005 3400 4075; baseline 0 -16"><span class='ocrx_word' id='word_1_560' title='bbox 1846 4005 1979 4060; x_wconf 84' lang='lat' dir='ltr'>liunt</span> <span class='ocrx_word' id='word_1_561' title='bbox 2027 4020 2146 4069; x_wconf 80' lang='lat' dir='ltr'>sex,</span> <span class='ocrx_word' id='word_1_562' title='bbox 2177 4021 2242 4059; x_wconf 82' lang='lat' dir='ltr'><strong>ex</strong></span> <span class='ocrx_word' id='word_1_563' title='bbox 2285 4007 2481 4073; x_wconf 78' lang='lat' dir='ltr'>qnilms</span> <span class='ocrx_word' id='word_1_564' title='bbox 2535 4017 2924 4060; x_wconf 83' lang='lat' dir='ltr'>emanaverunt</span> <span class='ocrx_word' id='word_1_565' title='bbox 2957 4008 3141 4075; x_wconf 80' lang='lat' dir='ltr'>viginti</span> <span class='ocrx_word' id='word_1_566' title='bbox 3175 4021 3400 4074; x_wconf 73' lang='lat' dir='ltr'>quatuor</span> 
     </span>
     <span class='ocr_line' id='line_1_70' title="bbox 1841 4074 3411 4146; baseline 0.003 -18"><span class='ocrx_word' id='word_1_567' title='bbox 1841 4074 2084 4146; x_wconf 67' lang='lat' dir='ltr'>litterae),</span> <span class='ocrx_word' id='word_1_568' title='bbox 2113 4075 2503 4142; x_wconf 79' lang='lat' dir='ltr'>qttadripertita</span> <span class='ocrx_word' id='word_1_569' title='bbox 2538 4076 2917 4130; x_wconf 82' lang='lat' dir='ltr'>inenarrabilis</span> <span class='ocrx_word' id='word_1_570' title='bbox 2979 4077 3411 4145; x_wconf 74' lang='lat' dir='ltr'>quaten-nationis</span> 
     </span>
     <span class='ocr_line' id='line_1_71' title="bbox 1845 4145 3406 4216; baseline 0.002 -21"><span class='ocrx_word' id='word_1_571' title='bbox 1845 4145 2054 4197; x_wconf 84' lang='lat' dir='ltr'>ratione</span> <span class='ocrx_word' id='word_1_572' title='bbox 2092 4148 2344 4198; x_wconf 81' lang='lat' dir='ltr'>eumdem</span> <span class='ocrx_word' id='word_1_573' title='bbox 2421 4159 2703 4198; x_wconf 84' lang='lat' dir='ltr'>nnmerum</span> <span class='ocrx_word' id='word_1_574' title='bbox 2766 4145 2992 4211; x_wconf 76' lang='lat' dir='ltr'>faciunt,</span> <span class='ocrx_word' id='word_1_575' title='bbox 3033 4161 3153 4216; x_wconf 81' lang='lat' dir='ltr'>qnae</span> <span class='ocrx_word' id='word_1_576' title='bbox 3191 4148 3406 4215; x_wconf 83' lang='lat' dir='ltr'>quidem</span> 
     </span>
     <span class='ocr_line' id='line_1_72' title="bbox 1844 4213 3407 4280; baseline 0.001 -12"><span class='ocrx_word' id='word_1_577' title='bbox 1844 4213 1973 4268; x_wconf 86' lang='lat' dir='ltr'>dicit</span> <span class='ocrx_word' id='word_1_578' title='bbox 2001 4214 2165 4276; x_wconf 81' lang='lat' dir='ltr'>iltius,</span> <span class='ocrx_word' id='word_1_579' title='bbox 2196 4214 2285 4280; x_wconf 81' lang='lat' dir='ltr'><strong>qni</strong></span> <span class='ocrx_word' id='word_1_580' title='bbox 2336 4224 2419 4267; x_wconf 89' lang='lat' dir='ltr'><strong>est</strong></span> <span class='ocrx_word' id='word_1_581' title='bbox 2464 4215 2888 4277; x_wconf 85' lang='lat' dir='ltr'>innominabilis,</span> <span class='ocrx_word' id='word_1_582' title='bbox 2922 4218 3205 4270; x_wconf 77' lang='lat' dir='ltr'>exsistere.</span> <span class='ocrx_word' id='word_1_583' title='bbox 3255 4213 3407 4270; x_wconf 85' lang='lat' dir='ltr'>lndni</span> 
     </span>
    </p>
   </div>
   <div class='ocr_carea' id='block_1_22' title="bbox 145 3799 3468 5190">
    <p class='ocr_par' dir='ltr' id='par_1_23' title="bbox 145 3799 3468 4701">
     <span class='ocr_line' id='line_1_73' title="bbox 148 3799 1738 3873; baseline -0.001 -17"><span class='ocrx_word' id='word_1_584' title='bbox 148 3802 336 3864; x_wconf 79' lang='grc' dir='ltr'><strong>ὄντες·</strong></span> <span class='ocrx_word' id='word_1_585' title='bbox 379 3801 575 3865; x_wconf 73' lang='grc' dir='ltr'><strong>οἵτινες</strong></span> <span class='ocrx_word' id='word_1_586' title='bbox 613 3803 762 3873; x_wconf 78' lang='grc' dir='ltr'><strong>τρεῖς</strong></span> <span class='ocrx_word' id='word_1_587' title='bbox 810 3803 853 3854; x_wconf 80' lang='grc' dir='ltr'><strong>ἐ·</strong></span> <span class='ocrx_word' id='word_1_588' title='bbox 880 3799 895 3820; x_wconf 75' lang='grc'><em>”</em></span> <span class='ocrx_word' id='word_1_589' title='bbox 942 3801 1174 3864; x_wconf 70' lang='grc' dir='ltr'><strong>ἑαυτοὺς</strong></span> <span class='ocrx_word' id='word_1_590' title='bbox 1210 3800 1457 3862; x_wconf 75' lang='grc' dir='ltr'><strong>ἐλθόντες</strong></span> <span class='ocrx_word' id='word_1_591' title='bbox 1490 3800 1580 3854; x_wconf 81' lang='grc' dir='ltr'><strong>τὸν</strong></span> <span class='ocrx_word' id='word_1_592' title='bbox 1628 3800 1738 3854; x_wconf 86' lang='grc' dir='ltr'><strong>τῶν</strong></span> 
     </span>
     <span class='ocr_line' id='line_1_74' title="bbox 148 3818 1735 3944; baseline 0.001 -20"><span class='ocrx_word' id='word_1_593' title='bbox 148 3872 604 3941; x_wconf 72' lang='grc' dir='ltr'><strong>εἰκοσιτεσσάρων</strong></span> <span class='ocrx_word' id='word_1_594' title='bbox 651 3818 929 3936; x_wconf 57' lang='grc' dir='ltr'><strong>ἀνέδειξαν</strong></span> <span class='ocrx_word' id='word_1_595' title='bbox 977 3871 1233 3944; x_wconf 82' lang='grc' dir='ltr'><strong>ἀριθμόν.</strong></span> <span class='ocrx_word' id='word_1_596' title='bbox 1271 3871 1351 3925; x_wconf 77' lang='grc' dir='ltr'><strong>Τὰ</strong></span> <span class='ocrx_word' id='word_1_597' title='bbox 1388 3871 1571 3942; x_wconf 77' lang='grc' dir='ltr'><strong>μέντοι</strong></span> <span class='ocrx_word' id='word_1_598' title='bbox 1608 3870 1735 3941; x_wconf 89' lang='grc' dir='ltr'><strong>τρία</strong></span> 
     </span>
     <span class='ocr_line' id='line_1_75' title="bbox 150 3939 1735 4033; baseline 0 -38"><span class='ocrx_word' id='word_1_599' title='bbox 150 3944 389 4011; x_wconf 84' lang='grc' dir='ltr'><strong>στοιχεῖα</strong></span> <span class='ocrx_word' id='word_1_600' title='bbox 419 3943 644 4010; x_wconf 76' lang='grc' dir='ltr'><strong>ἀφίησιν</strong></span> <span class='ocrx_word' id='word_1_601' title='bbox 673 3941 835 4002; x_wconf 81' lang='grc' dir='ltr'><strong>αὐτὸς</strong></span> <span class='ocrx_word' id='word_1_602' title='bbox 871 3940 981 3994; x_wconf 86' lang='grc' dir='ltr'><strong>τῶν</strong></span> <span class='ocrx_word' id='word_1_603' title='bbox 1024 3941 1193 4033; x_wconf 80' lang='grc' dir='ltr'><strong>τριῶν</strong></span> <span class='ocrx_word' id='word_1_604' title='bbox 1221 3944 1279 3994; x_wconf 85' lang='grc' dir='ltr'><strong>ἐν</strong></span> <span class='ocrx_word' id='word_1_605' title='bbox 1309 3943 1542 4011; x_wconf 65' lang='grc' dir='ltr'><strong>συζυγίᾳ</strong></span> <span class='ocrx_word' id='word_1_606' title='bbox 1572 3939 1735 3995; x_wconf 81' lang='grc' dir='ltr'><strong>δυνά-</strong></span> 
     </span>
     <span class='ocr_line' id='line_1_76' title="bbox 150 4005 1739 4082; baseline -0.001 -17"><span class='ocrx_word' id='word_1_607' title='bbox 150 4028 297 4082; x_wconf 86' lang='grc' dir='ltr'><strong>μεων</strong></span> <span class='ocrx_word' id='word_1_608' title='bbox 324 4011 610 4081; x_wconf 73' lang='grc' dir='ltr'><strong>ὑπάρχειν,</strong></span> <span class='ocrx_word' id='word_1_609' title='bbox 639 4010 674 4064; x_wconf 82' lang='grc' dir='ltr'>ἆ</span> <span class='ocrx_word' id='word_1_610' title='bbox 700 4013 844 4065; x_wconf 85' lang='grc' dir='ltr'><strong>ἐστιν</strong></span> <span class='ocrx_word' id='word_1_611' title='bbox 876 4010 957 4076; x_wconf 78' lang='grc' dir='ltr'><strong>ἒξ.</strong></span> <span class='ocrx_word' id='word_1_612' title='bbox 988 4013 1061 4080; x_wconf 84' lang='grc' dir='ltr'><strong>ἀφ</strong></span> <span class='ocrx_word' id='word_1_613' title='bbox 1109 4005 1183 4064; x_wconf 83' lang='grc' dir='ltr'><strong>ὧν</strong></span> <span class='ocrx_word' id='word_1_614' title='bbox 1210 4010 1464 4082; x_wconf 74' lang='grc' dir='ltr'><strong>ἀπερρύη</strong></span> <span class='ocrx_word' id='word_1_615' title='bbox 1490 4010 1562 4065; x_wconf 79' lang='grc' dir='ltr'><strong>τὰ</strong></span> <span class='ocrx_word' id='word_1_616' title='bbox 1592 4013 1739 4064; x_wconf 85' lang='grc' dir='ltr'><strong>εἰκο-</strong></span> 
     </span>
     <span class='ocr_line' id='line_1_77' title="bbox 150 4078 1741 4153; baseline -0.003 -17"><span class='ocrx_word' id='word_1_617' title='bbox 150 4083 446 4153; x_wconf 84' lang='grc' dir='ltr'><strong>σιτέσσαρα</strong></span> <span class='ocrx_word' id='word_1_618' title='bbox 506 4085 783 4150; x_wconf 86' lang='grc' dir='ltr'><strong>στοιχεῖα,</strong></span> <span class='ocrx_word' id='word_1_619' title='bbox 854 4079 1431 4150; x_wconf 80' lang='grc' dir='ltr'><strong>τετραπλασιασθέντα</strong></span> <span class='ocrx_word' id='word_1_620' title='bbox 1497 4078 1576 4148; x_wconf 82' lang='grc' dir='ltr'><strong>τῷ</strong></span> <span class='ocrx_word' id='word_1_621' title='bbox 1641 4079 1741 4148; x_wconf 82' lang='grc' dir='ltr'><strong>τῆς</strong></span> 
     </span>
     <span class='ocr_line' id='line_1_78' title="bbox 145 4147 1740 4222; baseline -0.003 -18"><span class='ocrx_word' id='word_1_622' title='bbox 145 4152 387 4222; x_wconf 69' lang='grc' dir='ltr'><strong>ἀρρήτου</strong></span> <span class='ocrx_word' id='word_1_623' title='bbox 432 4152 690 4222; x_wconf 81' lang='grc' dir='ltr'><strong>τετράδος</strong></span> <span class='ocrx_word' id='word_1_624' title='bbox 744 4150 888 4219; x_wconf 77' lang='grc' dir='ltr'><strong>λόγῳ</strong></span> <span class='ocrx_word' id='word_1_625' title='bbox 934 4151 1025 4203; x_wconf 75' lang='grc' dir='ltr'><strong>τὸν</strong></span> <span class='ocrx_word' id='word_1_626' title='bbox 1071 4150 1231 4203; x_wconf 67' lang='grc' dir='ltr'><strong>αὑτὸν</strong></span> <span class='ocrx_word' id='word_1_627' title='bbox 1277 4150 1460 4212; x_wconf 78' lang='grc' dir='ltr'><strong>αὐτοῖς</strong></span> <span class='ocrx_word' id='word_1_628' title='bbox 1507 4147 1740 4218; x_wconf 80' lang='grc' dir='ltr'><strong>ἀριθμὸν</strong></span> 
     </span>
     <span class='ocr_line' id='line_1_79' title="bbox 148 4218 1739 4304; baseline -0.004 -29"><span class='ocrx_word' id='word_1_629' title='bbox 148 4224 314 4278; x_wconf 78' lang='grc' dir='ltr'><strong>ποιεῖ.</strong></span> <span class='ocrx_word' id='word_1_630' title='bbox 336 4220 476 4304; x_wconf 72' lang='grc' dir='ltr'><strong>ἅπερ</strong></span> <span class='ocrx_word' id='word_1_631' title='bbox 508 4221 643 4290; x_wconf 76' lang='grc' dir='ltr'><strong>φησί</strong></span> <span class='ocrx_word' id='word_1_632' title='bbox 668 4221 761 4275; x_wconf 84' lang='grc' dir='ltr'><strong>τοῦ</strong></span> <span class='ocrx_word' id='word_1_633' title='bbox 804 4219 1199 4288; x_wconf 80' lang='grc' dir='ltr'><strong>’Δνονομάστου</strong></span> <span class='ocrx_word' id='word_1_634' title='bbox 1230 4218 1518 4289; x_wconf 76' lang='grc' dir='ltr'><strong>ὑπάρχειν.</strong></span> <span class='ocrx_word' id='word_1_635' title='bbox 1549 4220 1739 4285; x_wconf 65' lang='lat' dir='ltr'>*vopei-</span> 
     </span>
     <span class='ocr_line' id='line_1_80' title="bbox 149 4283 3468 4362; baseline -0.003 -19"><span class='ocrx_word' id='word_1_636' title='bbox 149 4290 274 4343; x_wconf 85' lang='grc' dir='ltr'><strong>σθαι</strong></span> <span class='ocrx_word' id='word_1_637' title='bbox 307 4289 365 4341; x_wconf 80' lang='grc' dir='ltr'><strong>δὲ</strong></span> <span class='ocrx_word' id='word_1_638' title='bbox 403 4295 543 4342; x_wconf 66' lang='grc' dir='ltr'><strong>αυτὰ</strong></span> <span class='ocrx_word' id='word_1_639' title='bbox 566 4290 670 4343; x_wconf 73' lang='grc' dir='ltr'><strong>ὑπὸ</strong></span> <span class='ocrx_word' id='word_1_640' title='bbox 706 4291 815 4345; x_wconf 83' lang='grc' dir='ltr'><strong>τῶν</strong></span> <span class='ocrx_word' id='word_1_641' title='bbox 835 4288 1006 4362; x_wconf 81' lang='grc' dir='ltr'><strong>τριῶν</strong></span> <span class='ocrx_word' id='word_1_642' title='bbox 1029 4289 1313 4358; x_wconf 77' lang='grc' dir='ltr'><strong>δυνάμεων</strong></span> <span class='ocrx_word' id='word_1_643' title='bbox 1335 4290 1415 4351; x_wconf 85' lang='grc' dir='ltr'><strong>εἰς</strong></span> <span class='ocrx_word' id='word_1_644' title='bbox 1440 4288 1737 4360; x_wconf 83' lang='grc' dir='ltr'><strong>ὁμοιότητα</strong></span> <span class='ocrx_word' id='word_1_645' title='bbox 1843 4293 2023 4336; x_wconf 86' lang='lat' dir='ltr'>autem</span> <span class='ocrx_word' id='word_1_646' title='bbox 2061 4298 2121 4336; x_wconf 76' lang='lat' dir='ltr'><strong>ea</strong></span> <span class='ocrx_word' id='word_1_647' title='bbox 2154 4299 2181 4335; x_wconf 88' lang='lat' dir='ltr'><strong>a</strong></span> <span class='ocrx_word' id='word_1_648' title='bbox 2210 4284 2383 4337; x_wconf 81' lang='lat' dir='ltr'>tribus</span> <span class='ocrx_word' id='word_1_649' title='bbox 2406 4284 2695 4338; x_wconf 82' lang='lat' dir='ltr'>virtutihus</span> <span class='ocrx_word' id='word_1_650' title='bbox 2728 4288 2778 4338; x_wconf 86' lang='lat' dir='ltr'><strong>in</strong></span> <span class='ocrx_word' id='word_1_651' title='bbox 2801 4283 3208 4340; x_wconf 82' lang='lat' dir='ltr'>similitudinem</span> <span class='ocrx_word' id='word_1_652' title='bbox 3240 4284 3406 4350; x_wconf 81' lang='lat' dir='ltr'>illius,</span> <span class='ocrx_word' id='word_1_653' title='bbox 3465 4331 3468 4334; x_wconf 76' lang='grc'><strong>,</strong></span> 
     </span>
     <span class='ocr_line' id='line_1_81' title="bbox 145 4351 3410 4429; baseline -0.002 -16"><span class='ocrx_word' id='word_1_654' title='bbox 145 4358 241 4411; x_wconf 78' lang='grc' dir='ltr'><strong>τοῦ</strong></span> <span class='ocrx_word' id='word_1_655' title='bbox 285 4359 569 4426; x_wconf 77' lang='grc' dir='ltr'><strong>Ἀοράτου.</strong></span> <span class='ocrx_word' id='word_1_656' title='bbox 600 4352 674 4411; x_wconf 79' lang='grc' dir='ltr'><strong>ὧν</strong></span> <span class='ocrx_word' id='word_1_657' title='bbox 703 4359 984 4429; x_wconf 82' lang='grc' dir='ltr'><strong>στοιχείων</strong></span> <span class='ocrx_word' id='word_1_658' title='bbox 1015 4357 1223 4422; x_wconf 80' lang='grc' dir='ltr'><strong>εἰκόνες</strong></span> <span class='ocrx_word' id='word_1_659' title='bbox 1249 4358 1476 4412; x_wconf 82' lang='grc' dir='ltr'><strong>εἰκόνων</strong></span> <span class='ocrx_word' id='word_1_660' title='bbox 1503 4357 1570 4411; x_wconf 83' lang='grc' dir='ltr'><strong>τὰ</strong></span> <span class='ocrx_word' id='word_1_661' title='bbox 1602 4358 1737 4427; x_wconf 80' lang='grc' dir='ltr'><strong>παρ’</strong></span> <span class='ocrx_word' id='word_1_662' title='bbox 1841 4352 1931 4420; x_wconf 82' lang='lat' dir='ltr'><strong>qui</strong></span> <span class='ocrx_word' id='word_1_663' title='bbox 1963 4362 2047 4405; x_wconf 86' lang='lat' dir='ltr'><strong>est</strong></span> <span class='ocrx_word' id='word_1_664' title='bbox 2071 4351 2358 4408; x_wconf 81' lang='lat' dir='ltr'>invisibilis</span> <span class='ocrx_word' id='word_1_665' title='bbox 2386 4371 2400 4407; x_wconf 74' lang='grc' dir='ltr'><strong>ε</strong></span> <span class='ocrx_word' id='word_1_666' title='bbox 2431 4368 2660 4421; x_wconf 80' lang='lat' dir='ltr'>qnorum</span> <span class='ocrx_word' id='word_1_667' title='bbox 2712 4356 3103 4411; x_wconf 86' lang='lat' dir='ltr'>elementorum</span> <span class='ocrx_word' id='word_1_668' title='bbox 3147 4355 3410 4424; x_wconf 83' lang='lat' dir='ltr'>imagines</span> 
     </span>
     <span class='ocr_line' id='line_1_82' title="bbox 149 4403 3408 4533; baseline -0.001 -50"><span class='ocrx_word' id='word_1_669' title='bbox 149 4428 281 4495; x_wconf 83' lang='grc' dir='ltr'><strong>ἡμῖν</strong></span> <span class='ocrx_word' id='word_1_670' title='bbox 305 4428 465 4479; x_wconf 68' lang='grc' dir='ltr'><strong>διπλᾶ</strong></span> <span class='ocrx_word' id='word_1_671' title='bbox 494 4443 528 4494; x_wconf 83' lang='grc' dir='ltr'>γ</span> <span class='ocrx_word' id='word_1_672' title='bbox 568 4428 796 4496; x_wconf 75' lang='grc' dir='ltr'><strong>ἅμματα</strong></span> <span class='ocrx_word' id='word_1_673' title='bbox 824 4429 1126 4533; x_wconf 68' lang='grc' dir='ltr'><strong>ὑπάρχειν,</strong></span> <span class='ocrx_word' id='word_1_674' title='bbox 1174 4427 1211 4483; x_wconf 80' lang='grc' dir='ltr'><strong>ἀ</strong></span> <span class='ocrx_word' id='word_1_675' title='bbox 1257 4427 1736 4509; x_wconf 53' lang='grc' dir='ltr'><strong>συναριθ-μούμενα</strong></span> <span class='ocrx_word' id='word_1_676' title='bbox 1768 4403 1811 4456; x_wconf 78' lang='lat' dir='ltr'>D</span> <span class='ocrx_word' id='word_1_677' title='bbox 1842 4422 2135 4502; x_wconf 74' lang='lat' dir='ltr'>imaginum</span> <span class='ocrx_word' id='word_1_678' title='bbox 2181 4436 2301 4476; x_wconf 86' lang='lat' dir='ltr'>esse</span> <span class='ocrx_word' id='word_1_679' title='bbox 2350 4437 2467 4484; x_wconf 85' lang='lat' dir='ltr'>eas,</span> <span class='ocrx_word' id='word_1_680' title='bbox 2519 4438 2638 4492; x_wconf 68' lang='lat' dir='ltr'>qna}</span> <span class='ocrx_word' id='word_1_681' title='bbox 2688 4433 2815 4477; x_wconf 84' lang='lat' dir='ltr'>sunt</span> <span class='ocrx_word' id='word_1_682' title='bbox 2848 4425 2985 4491; x_wconf 87' lang='lat' dir='ltr'>apud</span> <span class='ocrx_word' id='word_1_683' title='bbox 3024 4440 3123 4478; x_wconf 84' lang='lat' dir='ltr'><strong>nos</strong></span> <span class='ocrx_word' id='word_1_684' title='bbox 3162 4424 3408 4492; x_wconf 80' lang='lat' dir='ltr'>duplices</span> 
     </span>
     <span class='ocr_line' id='line_1_83' title="bbox 146 4489 3400 4567; baseline 0 -19"><span class='ocrx_word' id='word_1_685' title='bbox 146 4498 261 4555; x_wconf 82' lang='grc' dir='ltr'><strong>τοῖς</strong></span> <span class='ocrx_word' id='word_1_686' title='bbox 314 4496 517 4548; x_wconf 86' lang='grc' dir='ltr'><strong>εἰκοσιτ</strong></span> <span class='ocrx_word' id='word_1_687' title='bbox 551 4512 748 4567; x_wconf 86' lang='grc' dir='ltr'><strong>σσαρσι</strong></span> <span class='ocrx_word' id='word_1_688' title='bbox 806 4513 1091 4565; x_wconf 82' lang='grc' dir='ltr'><strong>στοιχε.οις</strong></span> <span class='ocrx_word' id='word_1_689' title='bbox 1146 4498 1374 4552; x_wconf 73' lang='grc' dir='ltr'><strong>δυνάμει</strong></span> <span class='ocrx_word' id='word_1_690' title='bbox 1429 4514 1541 4551; x_wconf 87' lang='grc' dir='ltr'><strong>των</strong></span> <span class='ocrx_word' id='word_1_691' title='bbox 1596 4498 1739 4552; x_wconf 84' lang='grc' dir='ltr'><strong>κατὰ</strong></span> <span class='ocrx_word' id='word_1_692' title='bbox 1839 4489 2053 4554; x_wconf 83' lang='lat' dir='ltr'>lttterae,</span> <span class='ocrx_word' id='word_1_693' title='bbox 2090 4506 2225 4558; x_wconf 81' lang='lat' dir='ltr'>quas</span> <span class='ocrx_word' id='word_1_694' title='bbox 2252 4508 2373 4544; x_wconf 88' lang='lat' dir='ltr'><strong>cum</strong></span> <span class='ocrx_word' id='word_1_695' title='bbox 2412 4493 2869 4562; x_wconf 82' lang='lat' dir='ltr'>vigintiquatuor</span> <span class='ocrx_word' id='word_1_696' title='bbox 2917 4494 3115 4548; x_wconf 87' lang='lat' dir='ltr'>litteris</span> <span class='ocrx_word' id='word_1_697' title='bbox 3142 4495 3400 4548; x_wconf 87' lang='lat' dir='ltr'>adnume-</span> 
     </span>
     <span class='ocr_line' id='line_1_84' title="bbox 149 4551 3407 4639; baseline 0.002 -26"><span class='ocrx_word' id='word_1_698' title='bbox 149 4563 438 4635; x_wconf 71' lang='grc' dir='ltr'><strong>ἀναλογίαν</strong></span> <span class='ocrx_word' id='word_1_699' title='bbox 464 4566 572 4617; x_wconf 85' lang='grc' dir='ltr'><strong>τῶν</strong></span> <span class='ocrx_word' id='word_1_700' title='bbox 592 4566 887 4638; x_wconf 80' lang='grc' dir='ltr'><strong>τριάκοντα</strong></span> <span class='ocrx_word' id='word_1_701' title='bbox 915 4570 1061 4620; x_wconf 79' lang='grc' dir='ltr'><strong>ποιεῖ</strong></span> <span class='ocrx_word' id='word_1_702' title='bbox 1087 4551 1343 4639; x_wconf 59' lang='grc' dir='ltr'><strong>ἀριθμόν,</strong></span> <span class='ocrx_word' id='word_1_703' title='bbox 1444 4593 1451 4599; x_wconf 91' lang='grc'>-</span> <span class='ocrx_word' id='word_1_704' title='bbox 1528 4623 1535 4638; x_wconf 35' lang='grc' dir='ltr'>ἱ</span> <span class='ocrx_word' id='word_1_705' title='bbox 1841 4570 2044 4623; x_wconf 73' lang='lat' dir='ltr'>mules,</span> <span class='ocrx_word' id='word_1_706' title='bbox 2075 4564 2271 4615; x_wconf 72' lang='lat' dir='ltr'>virtute</span> <span class='ocrx_word' id='word_1_707' title='bbox 2316 4577 2436 4631; x_wconf 78' lang='lat' dir='ltr'><strong>quoe</strong></span> <span class='ocrx_word' id='word_1_708' title='bbox 2473 4572 2557 4617; x_wconf 70' lang='lat' dir='ltr'><strong>est</strong></span> <span class='ocrx_word' id='word_1_709' title='bbox 2599 4562 2897 4617; x_wconf 79' lang='lat' dir='ltr'>secundum</span> <span class='ocrx_word' id='word_1_710' title='bbox 2953 4564 3278 4635; x_wconf 70' lang='lat' dir='ltr'>analogiam,</span> <span class='ocrx_word' id='word_1_711' title='bbox 3312 4565 3407 4618; x_wconf 76' lang='lat' dir='ltr'>iri·</span> 
     </span>
     <span class='ocr_line' id='line_1_85' title="bbox 1834 4630 2547 4701; baseline 0.007 -20"><span class='ocrx_word' id='word_1_712' title='bbox 1834 4632 1980 4701; x_wconf 85' lang='lat' dir='ltr'>ginta</span> <span class='ocrx_word' id='word_1_713' title='bbox 2013 4630 2215 4683; x_wconf 77' lang='lat' dir='ltr'>faciunt</span> <span class='ocrx_word' id='word_1_714' title='bbox 2243 4646 2547 4686; x_wconf 89' lang='lat' dir='ltr'>numerum.</span> 
     </span>
    </p>

    <p class='ocr_par' dir='ltr' id='par_1_24' title="bbox 1829 4698 3458 5190">
     <span class='ocr_line' id='line_1_86' title="bbox 1903 4698 3458 4771; baseline 0.003 -18"><span class='ocrx_word' id='word_1_715' title='bbox 1903 4698 1957 4754; x_wconf 84' lang='grc'><strong>6.</strong></span> <span class='ocrx_word' id='word_1_716' title='bbox 1991 4699 2161 4769; x_wconf 80' lang='lat' dir='ltr'>Hujus</span> <span class='ocrx_word' id='word_1_717' title='bbox 2206 4701 2435 4756; x_wconf 80' lang='lat' dir='ltr'>rationis</span> <span class='ocrx_word' id='word_1_718' title='bbox 2481 4711 2535 4755; x_wconf 90' lang='lat' dir='ltr'><strong>et</strong></span> <span class='ocrx_word' id='word_1_719' title='bbox 2588 4701 3224 4771; x_wconf 72' lang='lat' dir='ltr'>dispositionis-fructum</span> <span class='ocrx_word' id='word_1_720' title='bbox 3272 4704 3404 4758; x_wconf 79' lang='lat' dir='ltr'>dicit</span> <span class='ocrx_word' id='word_1_721' title='bbox 3447 4705 3458 4712; x_wconf 81' lang='grc'><strong><em>’</em></strong></span> 
     </span>
     <span class='ocr_line' id='line_1_87' title="bbox 1835 4768 3402 4842; baseline 0.003 -21"><span class='ocrx_word' id='word_1_722' title='bbox 1835 4768 1889 4824; x_wconf 89' lang='lat' dir='ltr'><strong>in</strong></span> <span class='ocrx_word' id='word_1_723' title='bbox 1940 4769 2347 4823; x_wconf 88' lang='lat' dir='ltr'>similitudinem</span> <span class='ocrx_word' id='word_1_724' title='bbox 2408 4771 2657 4839; x_wconf 86' lang='lat' dir='ltr'>imaginis</span> <span class='ocrx_word' id='word_1_725' title='bbox 2730 4774 3047 4840; x_wconf 80' lang='lat' dir='ltr'>apparuisse</span> <span class='ocrx_word' id='word_1_726' title='bbox 3087 4773 3261 4836; x_wconf 88' lang='lat' dir='ltr'>illum,</span> <span class='ocrx_word' id='word_1_727' title='bbox 3310 4773 3402 4842; x_wconf 83' lang='lat' dir='ltr'><strong>qui</strong></span> 
     </span>
     <span class='ocr_line' id='line_1_88' title="bbox 1834 4840 3405 4908; baseline 0.002 -15"><span class='ocrx_word' id='word_1_728' title='bbox 1834 4847 1956 4908; x_wconf 91' lang='lat' dir='ltr'>post</span> <span class='ocrx_word' id='word_1_729' title='bbox 1997 4854 2045 4893; x_wconf 85' lang='lat' dir='ltr'><strong>vt</strong></span> <span class='ocrx_word' id='word_1_730' title='bbox 2081 4841 2195 4894; x_wconf 86' lang='lat' dir='ltr'>dies</span> <span class='ocrx_word' id='word_1_731' title='bbox 2223 4850 2450 4908; x_wconf 80' lang='lat' dir='ltr'>quartus</span> <span class='ocrx_word' id='word_1_732' title='bbox 2489 4840 2731 4895; x_wconf 84' lang='lat' dir='ltr'>ascendit</span> <span class='ocrx_word' id='word_1_733' title='bbox 2770 4841 2822 4895; x_wconf 91' lang='lat' dir='ltr'><strong>in</strong></span> <span class='ocrx_word' id='word_1_734' title='bbox 2845 4854 3109 4908; x_wconf 87' lang='lat' dir='ltr'>montem,</span> <span class='ocrx_word' id='word_1_735' title='bbox 3143 4854 3196 4897; x_wconf 88' lang='lat' dir='ltr'><strong>et</strong></span> <span class='ocrx_word' id='word_1_736' title='bbox 3227 4842 3405 4896; x_wconf 77' lang='lat' dir='ltr'>sactus</span> 
     </span>
     <span class='ocr_line' id='line_1_89' title="bbox 1833 4909 3401 4977; baseline 0.001 -15"><span class='ocrx_word' id='word_1_737' title='bbox 1833 4919 1917 4963; x_wconf 89' lang='lat' dir='ltr'><strong>est</strong></span> <span class='ocrx_word' id='word_1_738' title='bbox 1960 4917 2167 4974; x_wconf 81' lang='lat' dir='ltr'>sextus,</span> <span class='ocrx_word' id='word_1_739' title='bbox 2202 4910 2292 4977; x_wconf 82' lang='lat' dir='ltr'><strong>qni</strong></span> <span class='ocrx_word' id='word_1_740' title='bbox 2326 4909 2603 4964; x_wconf 88' lang='lat' dir='ltr'>descendit</span> <span class='ocrx_word' id='word_1_741' title='bbox 2634 4919 2688 4963; x_wconf 90' lang='lat' dir='ltr'><strong>et</strong></span> <span class='ocrx_word' id='word_1_742' title='bbox 2725 4910 2971 4967; x_wconf 85' lang='lat' dir='ltr'>detentus</span> <span class='ocrx_word' id='word_1_743' title='bbox 2997 4922 3082 4966; x_wconf 88' lang='lat' dir='ltr'><strong>est</strong></span> <span class='ocrx_word' id='word_1_744' title='bbox 3113 4914 3163 4965; x_wconf 91' lang='lat' dir='ltr'><strong>in</strong></span> <span class='ocrx_word' id='word_1_745' title='bbox 3197 4910 3401 4965; x_wconf 74' lang='lat' dir='ltr'>helido-</span> 
     </span>
     <span class='ocr_line' id='line_1_90' title="bbox 1834 4979 3400 5048; baseline 0.002 -18"><span class='ocrx_word' id='word_1_746' title='bbox 1834 4979 2011 5042; x_wconf 87' lang='lat' dir='ltr'>made,</span> <span class='ocrx_word' id='word_1_747' title='bbox 2047 4994 2169 5033; x_wconf 88' lang='lat' dir='ltr'><strong>cum</strong></span> <span class='ocrx_word' id='word_1_748' title='bbox 2203 4989 2344 5033; x_wconf 89' lang='lat' dir='ltr'>esset</span> <span class='ocrx_word' id='word_1_749' title='bbox 2380 4979 2605 5048; x_wconf 86' lang='lat' dir='ltr'>insignis</span> <span class='ocrx_word' id='word_1_750' title='bbox 2646 4981 2940 5043; x_wconf 86' lang='lat' dir='ltr'>octonatio.</span> <span class='ocrx_word' id='word_1_751' title='bbox 2983 4992 3037 5036; x_wconf 92' lang='lat' dir='ltr'><strong>et</strong></span> <span class='ocrx_word' id='word_1_752' title='bbox 3079 4981 3301 5036; x_wconf 77' lang='lat' dir='ltr'>liaberet</span> <span class='ocrx_word' id='word_1_753' title='bbox 3345 4981 3400 5034; x_wconf 91' lang='lat' dir='ltr'><strong>in</strong></span> 
     </span>
     <span class='ocr_line' id='line_1_91' title="bbox 1829 5048 3401 5120; baseline 0.001 -18"><span class='ocrx_word' id='word_1_754' title='bbox 1829 5061 1889 5102; x_wconf 84' lang='lat' dir='ltr'><strong>se</strong></span> <span class='ocrx_word' id='word_1_755' title='bbox 1918 5062 2133 5103; x_wconf 85' lang='lat' dir='ltr'>omnem</span> <span class='ocrx_word' id='word_1_756' title='bbox 2183 5049 2573 5104; x_wconf 87' lang='lat' dir='ltr'>elementorum</span> <span class='ocrx_word' id='word_1_757' title='bbox 2619 5064 2922 5114; x_wconf 75' lang='lat' dir='ltr'>numerum,</span> <span class='ocrx_word' id='word_1_758' title='bbox 2959 5067 3114 5120; x_wconf 82' lang='lat' dir='ltr'>quem</span> <span class='ocrx_word' id='word_1_759' title='bbox 3171 5048 3401 5104; x_wconf 76' lang='lat' dir='ltr'>ntanile-</span> 
     </span>
     <span class='ocr_line' id='line_1_92' title="bbox 1831 5120 3401 5190; baseline 0.001 -17"><span class='ocrx_word' id='word_1_760' title='bbox 1831 5120 2163 5182; x_wconf 56' lang='lat' dir='ltr'>stanneum</span> <span class='ocrx_word' id='word_1_761' title='bbox 2213 5121 2327 5189; x_wconf 84' lang='lat' dir='ltr'>ipse</span> <span class='ocrx_word' id='word_1_762' title='bbox 2368 5120 2602 5173; x_wconf 67' lang='lat' dir='ltr'>vetuisset</span> <span class='ocrx_word' id='word_1_763' title='bbox 2633 5120 2700 5174; x_wconf 80' lang='lat' dir='ltr'><strong>ad</strong></span> <span class='ocrx_word' id='word_1_764' title='bbox 2750 5120 3099 5190; x_wconf 80' lang='lat' dir='ltr'>baptismum,</span> <span class='ocrx_word' id='word_1_765' title='bbox 3139 5121 3401 5175; x_wconf 79' lang='lat' dir='ltr'>columbae</span> 
     </span>
    </p>
   </div>
   <div class='ocr_carea' id='block_1_23' title="bbox 146 4694 1735 5189">
    <p class='ocr_par' dir='ltr' id='par_1_25' title="bbox 146 4694 1735 5189">
     <span class='ocr_line' id='line_1_93' title="bbox 219 4694 1735 4770; baseline 0.001 -20"><span class='ocrx_word' id='word_1_766' title='bbox 219 4696 283 4762; x_wconf 77' lang='grc' dir='ltr'><strong>ζ’.</strong></span> <span class='ocrx_word' id='word_1_767' title='bbox 325 4694 529 4751; x_wconf 87' lang='grc' dir='ltr'><strong>Τούτου</strong></span> <span class='ocrx_word' id='word_1_768' title='bbox 568 4695 664 4749; x_wconf 81' lang='grc' dir='ltr'><strong>τοῦ</strong></span> <span class='ocrx_word' id='word_1_769' title='bbox 691 4694 852 4764; x_wconf 79' lang='grc' dir='ltr'><strong>λόγου</strong></span> <span class='ocrx_word' id='word_1_770' title='bbox 896 4696 991 4750; x_wconf 66' lang='grc' dir='ltr'><strong>καὶ</strong></span> <span class='ocrx_word' id='word_1_771' title='bbox 1024 4697 1125 4768; x_wconf 76' lang='grc' dir='ltr'><strong>τῆς</strong></span> <span class='ocrx_word' id='word_1_772' title='bbox 1173 4698 1486 4770; x_wconf 81' lang='grc' dir='ltr'><strong>οἰκονομίας</strong></span> <span class='ocrx_word' id='word_1_773' title='bbox 1527 4696 1735 4770; x_wconf 87' lang='grc' dir='ltr'><strong>ταύτης</strong></span> 
     </span>
     <span class='ocr_line' id='line_1_94' title="bbox 149 4764 1732 4839; baseline 0.001 -18"><span class='ocrx_word' id='word_1_774' title='bbox 149 4767 360 4836; x_wconf 87' lang='grc' dir='ltr'><strong>καρπόν</strong></span> <span class='ocrx_word' id='word_1_775' title='bbox 424 4783 590 4839; x_wconf 88' lang='grc' dir='ltr'><strong>φησιν</strong></span> <span class='ocrx_word' id='word_1_776' title='bbox 657 4767 715 4820; x_wconf 80' lang='grc' dir='ltr'><strong>ἐν</strong></span> <span class='ocrx_word' id='word_1_777' title='bbox 778 4767 807 4819; x_wconf 80' lang='grc' dir='ltr'><strong>ό</strong></span> <span class='ocrx_word' id='word_1_778' title='bbox 853 4764 1087 4836; x_wconf 84' lang='grc' dir='ltr'><strong>οιώματι</strong></span> <span class='ocrx_word' id='word_1_779' title='bbox 1144 4767 1352 4830; x_wconf 83' lang='grc' dir='ltr'><strong>εἰκόνος</strong></span> <span class='ocrx_word' id='word_1_780' title='bbox 1427 4769 1732 4837; x_wconf 81' lang='grc' dir='ltr'><strong>πεφυκέναι</strong></span> 
     </span>
     <span class='ocr_line' id='line_1_95' title="bbox 151 4834 1730 4909; baseline 0.001 -19"><span class='ocrx_word' id='word_1_781' title='bbox 151 4836 473 4905; x_wconf 80' lang='grc' dir='ltr'><strong>(πεφηνέναι</strong></span> <span class='ocrx_word' id='word_1_782' title='bbox 488 4838 609 4894; x_wconf 80' lang='lat' dir='ltr'>cod.</span> <span class='ocrx_word' id='word_1_783' title='bbox 634 4834 790 4906; x_wconf 80' lang='lat' dir='ltr'>Reg.)</span> <span class='ocrx_word' id='word_1_784' title='bbox 844 4837 1021 4889; x_wconf 81' lang='grc' dir='ltr'><strong>κεῖνον</strong></span> <span class='ocrx_word' id='word_1_785' title='bbox 1038 4836 1129 4889; x_wconf 80' lang='grc' dir='ltr'><strong>τὸν</strong></span> <span class='ocrx_word' id='word_1_786' title='bbox 1152 4839 1289 4906; x_wconf 75' lang='grc' dir='ltr'><strong>μετὰ</strong></span> <span class='ocrx_word' id='word_1_787' title='bbox 1310 4837 1408 4901; x_wconf 65' lang='grc' dir='ltr'><strong>τὰς</strong></span> <span class='ocrx_word' id='word_1_788' title='bbox 1436 4837 1549 4909; x_wconf 68' lang='grc' dir='ltr'><strong>ἐξῆ</strong></span> <span class='ocrx_word' id='word_1_789' title='bbox 1598 4839 1730 4909; x_wconf 82' lang='grc' dir='ltr'><strong>ἐρας</strong></span> 
     </span>
     <span class='ocr_line' id='line_1_96' title="bbox 148 4905 1722 4977; baseline 0.003 -20"><span class='ocrx_word' id='word_1_790' title='bbox 148 4905 407 4974; x_wconf 83' lang='grc' dir='ltr'><strong>τέταρτον</strong></span> <span class='ocrx_word' id='word_1_791' title='bbox 436 4906 712 4961; x_wconf 78' lang='grc' dir='ltr'><strong>ἀναδάντα</strong></span> <span class='ocrx_word' id='word_1_792' title='bbox 734 4907 815 4972; x_wconf 88' lang='grc' dir='ltr'><strong>εἰς</strong></span> <span class='ocrx_word' id='word_1_793' title='bbox 844 4906 906 4960; x_wconf 80' lang='grc' dir='ltr'><strong>τὸ</strong></span> <span class='ocrx_word' id='word_1_794' title='bbox 929 4905 1073 4977; x_wconf 69' lang='grc' dir='ltr'>ὅρος,</span> <span class='ocrx_word' id='word_1_795' title='bbox 1100 4907 1196 4960; x_wconf 73' lang='grc' dir='ltr'><strong>καὶ</strong></span> <span class='ocrx_word' id='word_1_796' title='bbox 1224 4906 1516 4976; x_wconf 85' lang='grc' dir='ltr'><strong>γενόμενον</strong></span> <span class='ocrx_word' id='word_1_797' title='bbox 1574 4925 1722 4975; x_wconf 91' lang='grc' dir='ltr'><strong>κτον,</strong></span> 
     </span>
     <span class='ocr_line' id='line_1_97' title="bbox 148 4973 1725 5048; baseline 0.002 -21"><span class='ocrx_word' id='word_1_798' title='bbox 148 4973 239 5028; x_wconf 69' lang='grc' dir='ltr'><strong>τὸν</strong></span> <span class='ocrx_word' id='word_1_799' title='bbox 287 4975 627 5047; x_wconf 81' lang='grc' dir='ltr'><strong>κρατηθέντα</strong></span> <span class='ocrx_word' id='word_1_800' title='bbox 677 4978 772 5030; x_wconf 77' lang='grc' dir='ltr'><strong>καὶ</strong></span> <span class='ocrx_word' id='word_1_801' title='bbox 828 4976 1143 5031; x_wconf 78' lang='grc' dir='ltr'><strong>καταδάντα</strong></span> <span class='ocrx_word' id='word_1_802' title='bbox 1198 4977 1258 5029; x_wconf 82' lang='grc' dir='ltr'><strong>ἐν</strong></span> <span class='ocrx_word' id='word_1_803' title='bbox 1308 4979 1375 5047; x_wconf 79' lang='grc' dir='ltr'><strong>τῇ</strong></span> <span class='ocrx_word' id='word_1_804' title='bbox 1434 4977 1725 5048; x_wconf 75' lang='grc' dir='ltr'><strong>ἐίδομάδι,</strong></span> 
     </span>
     <span class='ocr_line' id='line_1_98' title="bbox 148 5043 1725 5119; baseline 0.002 -23"><span class='ocrx_word' id='word_1_805' title='bbox 148 5043 421 5115; x_wconf 80' lang='grc' dir='ltr'><strong>ἐπίσημον</strong></span> <span class='ocrx_word' id='word_1_806' title='bbox 459 5045 685 5114; x_wconf 82' lang='grc' dir='ltr'><strong>όγδοάδα</strong></span> <span class='ocrx_word' id='word_1_807' title='bbox 718 5047 1034 5117; x_wconf 79' lang='grc' dir='ltr'><strong>ὑπάρχοντα</strong></span> <span class='ocrx_word' id='word_1_808' title='bbox 1075 5044 1172 5100; x_wconf 74' lang='grc' dir='ltr'><strong>καὶ</strong></span> <span class='ocrx_word' id='word_1_809' title='bbox 1216 5045 1409 5115; x_wconf 77' lang='grc' dir='ltr'><strong>ἔχοντα</strong></span> <span class='ocrx_word' id='word_1_810' title='bbox 1444 5049 1503 5100; x_wconf 82' lang='grc' dir='ltr'><strong>ἐν</strong></span> <span class='ocrx_word' id='word_1_811' title='bbox 1546 5046 1725 5119; x_wconf 82' lang='grc' dir='ltr'><strong>ἐαυτῷ</strong></span> 
     </span>
     <span class='ocr_line' id='line_1_99' title="bbox 146 5113 1723 5189; baseline 0.002 -21"><span class='ocrx_word' id='word_1_812' title='bbox 146 5114 239 5168; x_wconf 78' lang='grc' dir='ltr'><strong>τὸν</strong></span> <span class='ocrx_word' id='word_1_813' title='bbox 288 5115 500 5170; x_wconf 74' lang='grc' dir='ltr'><strong>ἅπαντα</strong></span> <span class='ocrx_word' id='word_1_814' title='bbox 547 5114 655 5171; x_wconf 82' lang='grc' dir='ltr'><strong>τῶν</strong></span> <span class='ocrx_word' id='word_1_815' title='bbox 720 5117 1000 5188; x_wconf 83' lang='grc' dir='ltr'><strong>στοιχείων</strong></span> <span class='ocrx_word' id='word_1_816' title='bbox 1057 5113 1327 5189; x_wconf 72' lang='grc' dir='ltr'><strong>ἀριθμὸν,</strong></span> <span class='ocrx_word' id='word_1_817' title='bbox 1379 5116 1723 5188; x_wconf 71' lang='grc' dir='ltr'><strong>ἐφανέρωσεν</strong></span> 
     </span>
    </p>
   </div>
   <div class='ocr_carea' id='block_1_24' title="bbox 1453 5278 2135 5340">
    <p class='ocr_par' dir='ltr' id='par_1_26' title="bbox 1453 5278 2135 5340">
     <span class='ocr_line' id='line_1_100' title="bbox 1453 5278 2135 5340; baseline 0.006 -5"><span class='ocrx_word' id='word_1_818' title='bbox 1453 5278 1694 5337; x_wconf 72' lang='lat' dir='ltr'>VARtAE</span> <span class='ocrx_word' id='word_1_819' title='bbox 1723 5282 2135 5340; x_wconf 66' lang='lat' dir='ltr'>LaertoNES.</span> 
     </span>
    </p>
   </div>
   <div class='ocr_carea' id='block_1_25' title="bbox 148 5449 3393 5811">
    <p class='ocr_par' dir='ltr' id='par_1_27' title="bbox 213 5449 3393 5543">
     <span class='ocr_line' id='line_1_101' title="bbox 213 5449 3393 5543; baseline 0.003 -33"><span class='ocrx_word' id='word_1_820' title='bbox 213 5455 261 5492; x_wconf 82' lang='lat'><strong>⁸⁸</strong></span> <span class='ocrx_word' id='word_1_821' title='bbox 283 5451 392 5510; x_wconf 82' lang='grc' dir='ltr'><strong>τῶν</strong></span> <span class='ocrx_word' id='word_1_822' title='bbox 412 5451 576 5516; x_wconf 79' lang='grc' dir='ltr'><strong>όκτώ.</strong></span> <span class='ocrx_word' id='word_1_823' title='bbox 604 5453 683 5526; x_wconf 81' lang='grc' dir='ltr'><strong>τῷ</strong></span> <span class='ocrx_word' id='word_1_824' title='bbox 707 5452 881 5543; x_wconf 50' lang='lat' dir='ltr'>verite}</span> <span class='ocrx_word' id='word_1_825' title='bbox 908 5449 971 5509; x_wconf 86' lang='lat' dir='ltr'><strong>C.</strong></span> <span class='ocrx_word' id='word_1_826' title='bbox 1046 5453 1090 5489; x_wconf 73' lang='lat'><strong>&#39;¹’</strong></span> <span class='ocrx_word' id='word_1_827' title='bbox 1121 5457 1217 5525; x_wconf 82' lang='grc' dir='ltr'><strong>ἀφ’</strong></span> <span class='ocrx_word' id='word_1_828' title='bbox 1263 5457 1487 5523; x_wconf 75' lang='grc' dir='ltr'><strong>ἑαυτοὺς</strong></span> <span class='ocrx_word' id='word_1_829' title='bbox 1530 5457 1593 5514; x_wconf 90' lang='lat' dir='ltr'><strong>C.</strong></span> <span class='ocrx_word' id='word_1_830' title='bbox 1669 5458 1715 5492; x_wconf 82' lang='lat'><strong>⁸⁸</strong></span> <span class='ocrx_word' id='word_1_831' title='bbox 1740 5459 2059 5526; x_wconf 76' lang='grc' dir='ltr'><strong>ἀνεδέξαντο</strong></span> <span class='ocrx_word' id='word_1_832' title='bbox 2089 5460 2152 5516; x_wconf 91' lang='lat' dir='ltr'><strong>C.</strong></span> <span class='ocrx_word' id='word_1_833' title='bbox 2188 5461 2275 5516; x_wconf 83' lang='lat' dir='ltr'>Cl&#39;.</span> <span class='ocrx_word' id='word_1_834' title='bbox 2311 5459 2455 5516; x_wconf 76' lang='lat' dir='ltr'>iren.</span> <span class='ocrx_word' id='word_1_835' title='bbox 2491 5470 2546 5517; x_wconf 89' lang='lat' dir='ltr'><strong>et</strong></span> <span class='ocrx_word' id='word_1_836' title='bbox 2587 5464 2723 5518; x_wconf 76' lang='lat' dir='ltr'>infra</span> <span class='ocrx_word' id='word_1_837' title='bbox 2773 5479 2825 5532; x_wconf 90' lang='lat' dir='ltr'><strong>p.</strong></span> <span class='ocrx_word' id='word_1_838' title='bbox 2851 5463 2978 5524; x_wconf 69' lang='lat'><strong>324,</strong></span> <span class='ocrx_word' id='word_1_839' title='bbox 3010 5461 3064 5526; x_wconf 88' lang='grc'><strong>9,</strong></span> <span class='ocrx_word' id='word_1_840' title='bbox 3102 5462 3185 5517; x_wconf 87' lang='grc'><strong>10.</strong></span> <span class='ocrx_word' id='word_1_841' title='bbox 3262 5463 3331 5497; x_wconf 77' lang='lat'><strong>⁸⁸·</strong></span> <span class='ocrx_word' id='word_1_842' title='bbox 3355 5461 3393 5519; x_wconf 75' lang='grc' dir='ltr'>ἃ</span> 
     </span>
    </p>

    <p class='ocr_par' dir='ltr' id='par_1_28' title="bbox 148 5523 3387 5634">
     <span class='ocr_line' id='line_1_102' title="bbox 148 5523 3387 5634; baseline 0.001 -51"><span class='ocrx_word' id='word_1_843' title='bbox 148 5526 273 5583; x_wconf 84' lang='lat' dir='ltr'>add.</span> <span class='ocrx_word' id='word_1_844' title='bbox 312 5524 382 5581; x_wconf 73' lang='lat' dir='ltr'><strong>M.</strong></span> <span class='ocrx_word' id='word_1_845' title='bbox 457 5524 504 5557; x_wconf 75' lang='lat'><strong>⁸⁹</strong></span> <span class='ocrx_word' id='word_1_846' title='bbox 530 5523 711 5582; x_wconf 79' lang='grc' dir='ltr'><strong>αὐτὸς.</strong></span> <span class='ocrx_word' id='word_1_847' title='bbox 743 5541 923 5579; x_wconf 86' lang='grc' dir='ltr'><strong>αυτων</strong></span> <span class='ocrx_word' id='word_1_848' title='bbox 960 5523 1026 5581; x_wconf 86' lang='lat' dir='ltr'><strong>C.</strong></span> <span class='ocrx_word' id='word_1_849' title='bbox 1094 5525 1142 5558; x_wconf 73' lang='lat'><strong>⁸·</strong></span> <span class='ocrx_word' id='word_1_850' title='bbox 1175 5527 1393 5599; x_wconf 84' lang='grc' dir='ltr'><strong>ἀπερύη</strong></span> <span class='ocrx_word' id='word_1_851' title='bbox 1418 5527 1486 5584; x_wconf 83' lang='lat' dir='ltr'><strong>C..</strong></span> <span class='ocrx_word' id='word_1_852' title='bbox 1559 5531 1601 5562; x_wconf 76' lang='lat'><strong>⁸¹</strong></span> <span class='ocrx_word' id='word_1_853' title='bbox 1673 5528 1701 5542; x_wconf 81' lang='grc'><strong>”’</strong></span> <span class='ocrx_word' id='word_1_854' title='bbox 1732 5561 1805 5572; x_wconf 93' lang='grc'><strong>-</strong></span> <span class='ocrx_word' id='word_1_855' title='bbox 1839 5531 2006 5634; x_wconf 59' lang='grc' dir='ltr'><strong>λόγω.</strong></span> <span class='ocrx_word' id='word_1_856' title='bbox 2035 5531 2148 5585; x_wconf 83' lang='grc' dir='ltr'><strong>τῶν</strong></span> <span class='ocrx_word' id='word_1_857' title='bbox 2170 5561 2242 5575; x_wconf 90' lang='grc'>-</span> <span class='ocrx_word' id='word_1_858' title='bbox 2278 5531 2454 5599; x_wconf 86' lang='grc' dir='ltr'><strong>λόγων</strong></span> <span class='ocrx_word' id='word_1_859' title='bbox 2477 5532 2540 5586; x_wconf 88' lang='lat' dir='ltr'><strong>C.</strong></span> <span class='ocrx_word' id='word_1_860' title='bbox 2596 5533 2642 5567; x_wconf 77' lang='lat'><strong>⁸¹</strong></span> <span class='ocrx_word' id='word_1_861' title='bbox 2665 5535 2852 5597; x_wconf 73' lang='grc' dir='ltr'><strong>αὐτοῖς</strong></span> <span class='ocrx_word' id='word_1_862' title='bbox 2891 5536 3002 5596; x_wconf 85' lang='grc' dir='ltr'><strong>τοῖς</strong></span> <span class='ocrx_word' id='word_1_863' title='bbox 3034 5532 3096 5588; x_wconf 88' lang='lat' dir='ltr'><strong>C.</strong></span> <span class='ocrx_word' id='word_1_864' title='bbox 3169 5533 3214 5566; x_wconf 74' lang='lat'><strong>‘⁸</strong></span> <span class='ocrx_word' id='word_1_865' title='bbox 3246 5535 3387 5588; x_wconf 85' lang='grc' dir='ltr'><strong>ἀνω·</strong></span> 
     </span>
    </p>

    <p class='ocr_par' dir='ltr' id='par_1_29' title="bbox 596 5594 3381 5675">
     <span class='ocr_line' id='line_1_103' title="bbox 596 5594 3381 5675; baseline 0.003 -27"><span class='ocrx_word' id='word_1_866' title='bbox 596 5594 643 5627; x_wconf 72' lang='grc'><em>“</em></span> <span class='ocrx_word' id='word_1_867' title='bbox 673 5595 904 5666; x_wconf 80' lang='grc' dir='ltr'><strong>ἀοράτον</strong></span> <span class='ocrx_word' id='word_1_868' title='bbox 929 5596 992 5650; x_wconf 87' lang='lat' dir='ltr'><strong>C.</strong></span> <span class='ocrx_word' id='word_1_869' title='bbox 1084 5597 1129 5629; x_wconf 72' lang='lat'><strong>⁸⁸</strong></span> <span class='ocrx_word' id='word_1_870' title='bbox 1160 5597 1395 5661; x_wconf 82' lang='grc' dir='ltr'><strong>εἰκόνας.</strong></span> <span class='ocrx_word' id='word_1_871' title='bbox 1424 5599 1633 5664; x_wconf 82' lang='grc' dir='ltr'><strong>εἰκόνες</strong></span> <span class='ocrx_word' id='word_1_872' title='bbox 1704 5637 1721 5662; x_wconf 85' lang='grc'><strong>,</strong></span> <span class='ocrx_word' id='word_1_873' title='bbox 1754 5600 1829 5656; x_wconf 79' lang='grc' dir='ltr'><strong>Μ.</strong></span> <span class='ocrx_word' id='word_1_874' title='bbox 1924 5599 1946 5632; x_wconf 69' lang='lat'><strong>⁴</strong></span> <span class='ocrx_word' id='word_1_875' title='bbox 2003 5601 2247 5659; x_wconf 83' lang='grc' dir='ltr'><strong>εἰκόνων.</strong></span> <span class='ocrx_word' id='word_1_876' title='bbox 2294 5602 2518 5656; x_wconf 86' lang='grc' dir='ltr'><strong>εἰκόνων</strong></span> <span class='ocrx_word' id='word_1_877' title='bbox 2542 5597 2617 5655; x_wconf 77' lang='grc' dir='ltr'><strong>ὧν</strong></span> <span class='ocrx_word' id='word_1_878' title='bbox 2654 5604 2718 5661; x_wconf 78' lang='lat' dir='ltr'><strong>C.</strong></span> <span class='ocrx_word' id='word_1_879' title='bbox 2791 5603 2836 5636; x_wconf 49' lang='grc' dir='ltr'><strong>δ’</strong></span> <span class='ocrx_word' id='word_1_880' title='bbox 2862 5603 3088 5673; x_wconf 79' lang='grc' dir='ltr'><strong>δυνάμει</strong></span> <span class='ocrx_word' id='word_1_881' title='bbox 3115 5605 3202 5675; x_wconf 84' lang='grc' dir='ltr'><strong>τῇ.</strong></span> <span class='ocrx_word' id='word_1_882' title='bbox 3230 5603 3381 5658; x_wconf 79' lang='grc' dir='ltr'><strong>δύνα-</strong></span> 
     </span>
    </p>

    <p class='ocr_par' dir='ltr' id='par_1_30' title="bbox 149 5665 3380 5811">
     <span class='ocr_line' id='line_1_104' title="bbox 153 5665 3380 5747; baseline 0.002 -26"><span class='ocrx_word' id='word_1_883' title='bbox 153 5688 246 5739; x_wconf 78' lang='grc' dir='ltr'><strong>μιν</strong></span> <span class='ocrx_word' id='word_1_884' title='bbox 272 5666 371 5740; x_wconf 75' lang='grc' dir='ltr'><strong>τὴν</strong></span> <span class='ocrx_word' id='word_1_885' title='bbox 392 5667 454 5721; x_wconf 77' lang='lat' dir='ltr'><strong>C.</strong></span> <span class='ocrx_word' id='word_1_886' title='bbox 529 5665 576 5698; x_wconf 75' lang='lat'><strong>⁸⁸</strong></span> <span class='ocrx_word' id='word_1_887' title='bbox 604 5665 937 5736; x_wconf 85' lang='grc' dir='ltr'><strong>οἰκονομίας.</strong></span> <span class='ocrx_word' id='word_1_888' title='bbox 962 5665 1254 5747; x_wconf 57' lang='grc' dir='ltr'><strong>ἀναλογίας</strong></span> <span class='ocrx_word' id='word_1_889' title='bbox 1273 5667 1336 5730; x_wconf 84' lang='lat' dir='ltr'><strong>C.</strong></span> <span class='ocrx_word' id='word_1_890' title='bbox 1362 5668 1434 5725; x_wconf 72' lang='grc' dir='ltr'><strong>Μ.</strong></span> <span class='ocrx_word' id='word_1_891' title='bbox 1508 5670 1553 5703; x_wconf 75' lang='lat'><strong>⁸⁹</strong></span> <span class='ocrx_word' id='word_1_892' title='bbox 1575 5669 1660 5727; x_wconf 85' lang='lat' dir='ltr'>Cl&#39;.</span> <span class='ocrx_word' id='word_1_893' title='bbox 1695 5670 1886 5728; x_wconf 77' lang='lat' dir='ltr'>Mattlt.</span> <span class='ocrx_word' id='word_1_894' title='bbox 1920 5686 2034 5726; x_wconf 77' lang='lat' dir='ltr'>xvtt</span> <span class='ocrx_word' id='word_1_895' title='bbox 2054 5710 2070 5732; x_wconf 83' lang='grc'><strong>,</strong></span> <span class='ocrx_word' id='word_1_896' title='bbox 2106 5671 2129 5725; x_wconf 80' lang='grc'><strong>1</strong></span> <span class='ocrx_word' id='word_1_897' title='bbox 2166 5687 2288 5741; x_wconf 73' lang='lat' dir='ltr'>sqq.</span> <span class='ocrx_word' id='word_1_898' title='bbox 2321 5671 2488 5728; x_wconf 75' lang='lat' dir='ltr'>Marc.</span> <span class='ocrx_word' id='word_1_899' title='bbox 2514 5689 2590 5738; x_wconf 85' lang='lat' dir='ltr'><strong>tx,</strong></span> <span class='ocrx_word' id='word_1_900' title='bbox 2620 5674 2655 5727; x_wconf 72' lang='lat'>2</span> <span class='ocrx_word' id='word_1_901' title='bbox 2683 5691 2804 5746; x_wconf 79' lang='lat' dir='ltr'>sqq.</span> <span class='ocrx_word' id='word_1_902' title='bbox 2880 5675 2925 5708; x_wconf 82' lang='lat'><strong>⁸·</strong></span> <span class='ocrx_word' id='word_1_903' title='bbox 2952 5694 2997 5728; x_wconf 91' lang='grc' dir='ltr'><strong>ω</strong></span> <span class='ocrx_word' id='word_1_904' title='bbox 3023 5675 3134 5731; x_wconf 85' lang='grc' dir='ltr'><strong>καί.</strong></span> <span class='ocrx_word' id='word_1_905' title='bbox 3155 5692 3184 5728; x_wconf 95' lang='grc' dir='ltr'><strong>ο</strong></span> <span class='ocrx_word' id='word_1_906' title='bbox 3202 5676 3296 5729; x_wconf 82' lang='grc' dir='ltr'><strong>καί</strong></span> <span class='ocrx_word' id='word_1_907' title='bbox 3319 5674 3380 5730; x_wconf 81' lang='lat' dir='ltr'><strong>C.</strong></span> 
     </span>
     <span class='ocr_line' id='line_1_105' title="bbox 149 5730 2617 5811; baseline 0.002 -19"><span class='ocrx_word' id='word_1_908' title='bbox 149 5743 193 5774; x_wconf 74' lang='lat'><strong>⁸¹</strong></span> <span class='ocrx_word' id='word_1_909' title='bbox 232 5737 570 5807; x_wconf 70' lang='grc' dir='ltr'><strong>παρασκευὴ,</strong></span> <span class='ocrx_word' id='word_1_910' title='bbox 609 5730 728 5806; x_wconf 59' lang='lat' dir='ltr'><strong>fic.</strong></span> <span class='ocrx_word' id='word_1_911' title='bbox 805 5736 851 5767; x_wconf 81' lang='lat'><strong>⁸⁸</strong></span> <span class='ocrx_word' id='word_1_912' title='bbox 877 5734 1145 5806; x_wconf 80' lang='grc' dir='ltr'><strong>ἀριθμων,</strong></span> <span class='ocrx_word' id='word_1_913' title='bbox 1177 5736 1404 5809; x_wconf 81' lang='grc' dir='ltr'><strong>δύναμιν</strong></span> <span class='ocrx_word' id='word_1_914' title='bbox 1434 5739 1657 5811; x_wconf 74' lang='grc' dir='ltr'><strong>ποιῆσαι</strong></span> <span class='ocrx_word' id='word_1_915' title='bbox 1695 5741 1788 5797; x_wconf 79' lang='grc' dir='ltr'><strong>καί</strong></span> <span class='ocrx_word' id='word_1_916' title='bbox 1840 5741 2198 5811; x_wconf 75' lang='grc' dir='ltr'><strong>ἁναγεννῆσαι</strong></span> <span class='ocrx_word' id='word_1_917' title='bbox 2226 5742 2302 5806; x_wconf 84' lang='grc' dir='ltr'><strong>ὠς</strong></span> <span class='ocrx_word' id='word_1_918' title='bbox 2327 5742 2514 5808; x_wconf 75' lang='grc' dir='ltr'><strong>ἔχοντα</strong></span> <span class='ocrx_word' id='word_1_919' title='bbox 2554 5743 2617 5798; x_wconf 87' lang='lat' dir='ltr'><strong>C.</strong></span> 
     </span>
    </p>
   </div>
  </div>
 </body>
</html>
