3967 6217
101 349 218 411 '³9

1356 351 1763 412 nEzECtELtS
1799 353 2031 412 CAPUT
2072 356 2211 414 xw.

3235 363 3379 422 271⁰

101 449 146 514 ἶ·
197 479 372 530 nata
400 485 485 537 es,
512 486 617 528 non
639 471 878 542 ligarunt
905 469 1175 526 mamillas
1210 477 1352 534 tuas,
1371 479 1427 522 rt
1470 470 1525 523 in
1556 484 1697 537 aqua
1729 472 1772 528 Α
1805 472 1950 526 nuda
2006 481 2062 528 et
2095 473 2463 543 discooperta,
2495 479 2548 526 et
2593 471 2721 527 dum
2751 480 3039 533 cruentata
3071 483 3126 530 tu
3159 474 3214 531 in
3252 493 3381 532 san·

101 569 154 616 ἰ
204 561 355 616 tota
383 580 449 622 es
481 565 546 637 (Ι)
581 565 636 621 in
660 565 915 629 salutem,
955 579 1057 620 nec
1091 564 1205 619 sale
1229 562 1388 618 salita
1419 577 1500 626 es,
1532 571 1586 616 et
1610 560 1692 615 sa-

101 651 202 708 ⁸ts
265 671 396 712 non
434 653 664 713 fasciata
687 671 747 711 es
779 673 794 709 ε
823 653 876 709 5.
915 652 1018 710 n'ec
1052 654 1294 725 pepercit
1319 652 1512 708 oculus
1541 666 1694 706 meus

111 759 256 802 aer·
281 755 372 812 te,
406 747 473 803 ad
499 737 810 804 laciendum
842 745 938 801 tibi
969 760 1137 801 unum
1184 760 1248 800 ex
1298 744 1387 801 bis
1417 743 1692 807 omnibuS,

137 841 524 907 patiendum
555 836 834 909 quippiam
865 853 1030 908 super
1055 849 1146 894 tc:
1176 846 1232 893 et
1257 835 1494 908 projecta
1525 851 1585 891 es
1603 852 1698 892 su·

111 947 136 960 ·
191 929 431 988 facicm
478 931 659 1001 campi
704 929 1065 1001 perversitate
1100 930 1300 986 animae
1339 940 1467 994 tuae,
1500 929 1554 984 in
1585 928 1692 992 die,

108 1039 163 1076 ο
259 1033 409 1079 nata
448 1038 528 1078 es.
571 1022 625 1078 6.
678 1021 747 1076 Et
794 1021 1022 1079 transivi
1060 1037 1228 1093 super
1276 1031 1347 1086 te,
1401 1031 1456 1077 et
1502 1022 1695 1077 vidite

109 1123 452 1168 tentatam
482 1113 537 1168 in
572 1114 840 1185 sanguine
870 1122 991 1180 tuo,
1023 1123 1074 1170 et
1106 1113 1222 1170 dixi
1261 1114 1356 1171 tibi
1392 1133 1405 1169 ε
1436 1129 1504 1170 ex
1561 1129 1693 1169 san·

101 1204 246 1260 ine
289 1213 398 1260 tuo
422 1203 657 1259 vivendo
680 1209 823 1266 rire.
850 1205 900 1259 7.
933 1203 1291 1274 multiplicare
1319 1222 1333 1258 ε
1371 1206 1513 1261 sicut
1537 1213 1694 1261 ortus

101 1293 174 1350 τί
225 1295 485 1360 dedite,
531 1304 587 1350 et
635 1293 990 1365 multiplicata
1030 1310 1112 1360 es,
1154 1304 1211 1351 et
1236 1295 1576 1367 magnificata
1607 1310 1690 1363 es,

153 1397 234 1443 ea
291 1385 548 1457 ingressa
577 1400 639 1443 es
670 1388 725 1442 in
762 1387 926 1443 urbes
957 1388 1174 1444 urbium
1206 1407 1220 1443 :
1258 1388 1426 1444 ubera
1461 1398 1550 1442 tua
1572 1402 1693 1444 erc-

101 1495 170 1532 a·
230 1488 408 1546 sunt,
456 1487 513 1534 et
559 1479 702 1548 pilus
741 1487 869 1534 tuus
916 1488 1072 1536 ortus
1099 1489 1206 1544 est,
1253 1493 1308 1534 tu
1357 1488 1541 1535 autem
1570 1493 1692 1534 eras

101 1569 263 1636 idn,
303 1580 366 1627 et
381 1569 749 1639 discooperta.
770 1569 828 1625 8.
865 1569 930 1625 Et
956 1571 1181 1627 transivi
1217 1580 1477 1642 superte,
1506 1579 1560 1626 et
1583 1570 1690 1626 vidi

135 1679 162 1717 ς
199 1673 278 1721 et
305 1677 440 1720 ecce
471 1671 686 1732 tempus
735 1669 911 1728 tuum,
951 1671 1007 1717 et
1042 1672 1256 1733 tempus
1305 1663 1382 1734 (h)
1416 1662 1691 1718 diverten-

107 1769 230 1810 ιω
271 1772 290 1810 t
320 1765 382 1810 et
407 1756 642 1825 expandi
673 1747 789 1810 alas
817 1768 980 1823 super
1009 1763 1081 1820 te,
1106 1763 1160 1809 et
1189 1756 1385 1827 operui
1437 1754 1687 1824 pudenda

1797 561 1959 630 guine
1988 570 2084 617 tuo
2111 561 2314 619 vixisti.
2344 560 2435 616 25.
2464 562 2526 617 Et
2552 561 2750 617 sactum
2790 578 2890 632 est,
2943 574 3058 637 post
3091 566 3164 636 (q)
3188 581 3379 622 omnes

1797 651 2037 708 malitias
2071 662 2212 719 tuas,
2246 656 2314 723 Χ
2345 669 2444 716 vae,
2475 669 2556 709 vae
2605 655 2701 709 tibi
2745 655 2794 726 ζ,
2825 655 2958 710 dicit
3006 657 3218 712 Adonai
3270 658 3378 715 Do-

1797 742 2002 806 minus,
2037 744 2128 798 24.
2163 754 2217 800 ct
2237 744 2518 801 aedificasti
2544 745 2640 800 tibi
2671 747 2891 802 domum
2921 748 3294 814 scortationis,
3324 757 3379 804 et

1797 831 1976 888 fecisti
2012 834 2110 889 tibi
2163 834 2536 893 habitaculum
2568 837 2623 892 iu
2666 839 2815 893 omni
2852 839 3049 907 platea,
3083 840 3174 895 25.
3205 852 3259 896 et
3284 858 3379 898 su-

1795 939 1891 994 per
1916 925 2186 996 principio
2214 928 2394 982 omnis
2414 930 2515 983 vim
2542 931 2825 986 :edificasti
2851 932 3080 1002 lupanar
3116 940 3292 998 tuum,
3324 944 3381 989 et

1794 1018 2090 1089 corrupisti
2147 1018 2613 1089 pulchritudinem
2667 1033 2814 1077 tuam
2869 1042 2883 1079 ε
2953 1034 3007 1080 et
3067 1025 3376 1082 divaricasti

1793 1121 1952 1163 crura
1992 1114 2083 1161 tua
2099 1109 2249 1163 omni
2271 1109 2487 1172 viatori,
2515 1119 2566 1165 ct
2595 1111 2966 1180 multiplicasti
2990 1115 3375 1171 scortationem

1795 1200 1966 1258 tuam,
2001 1193 2091 1249 26.
2124 1203 2179 1249 et
2207 1203 2444 1250 scollata
2475 1213 2535 1252 es
2589 1212 2752 1267 super
2797 1199 2935 1256 lilios
2960 1201 3205 1274 AEgypti,
3241 1205 3379 1259 vici-

1793 1295 2062 1350 nostttOS,
2101 1301 2308 1358 magnae
2329 1288 2535 1351 carnis,
2563 1296 2616 1343 et
2650 1290 2883 1346 multum
2930 1304 3168 1350 scortata
3209 1312 3269 1354 es
3309 1297 3377 1351 ad

1793 1374 2119 1432 irritandum
2178 1393 2284 1433 me.
2343 1378 2433 1433 27.
2469 1377 2525 1435 Si
2573 1389 2758 1436 autem
2808 1385 3105 1441 extendero
3145 1402 3368 1442 manum
3408 1426 3420 1441 .

1792 1467 1969 1525 merim
1992 1486 2157 1542 super
2181 1481 2253 1537 te,
2281 1481 2337 1528 et
2368 1474 2554 1529 tollam
2577 1474 2818 1545 legitima
2855 1483 2966 1543 tua,
2992 1485 3045 1531 et
3080 1478 3291 1532 tradam
3321 1486 3375 1532 tc

1793 1561 1845 1615 in
1875 1561 2088 1615 animas
2113 1561 2410 1617 odientium
2461 1572 2532 1624 te,
2575 1562 2714 1619 filias
2762 1565 3219 1636 alienigenarum,
3255 1583 3379 1636 quae

1792 1643 2063 1707 declinare
2094 1662 2146 1708 te
2175 1651 2381 1708 faciunt
2417 1651 2489 1725 (r)
2522 1670 2553 1709 a
2599 1655 2684 1710 via
2731 1664 2845 1724 tua,
2878 1656 3044 1726 impie
3068 1656 3248 1729 egisti.
3280 1657 3375 1713 28.

1793 1739 1860 1796 Et
1878 1752 2116 1799 scortata
2157 1759 2218 1799 es
2246 1759 2412 1814 super
2440 1744 2510 1816 (ε)
2553 1745 2690 1802 lilios
2724 1748 2918 1814 Assur,
2948 1756 3004 1801 ct
3032 1763 3140 1803 nou
3183 1749 3264 1805 sic
3295 1767 3379 1808 sa·

117 1857 201 1904 a,
243 1848 307 1897 ρῑ
328 1839 510 1912 jorni
553 1841 652 1898 uhi
683 1859 697 1897 :
749 1851 804 1896 et
831 1842 1111 1914 ingressus
1132 1860 1254 1901 gum
1292 1845 1347 1899 1„
1388 1855 1688 1902 testamen·
1719 1814 1763 1869 B
1794 1834 1923 1889 tiata
1948 1850 2031 1900 es,
2051 1845 2107 1892 et
2144 1820 2381 1891 scortata
2419 1852 2497 1903 es,
2523 1846 2575 1893 et
2603 1853 2713 1893 non
2743 1838 2936 1894 satiata
2972 1838 3145 1906 suisti,
3175 1841 3267 1897 29.
3321 1849 3377 1897 et

100 1943 202 1986 tm
263 1939 471 1996 tecum,
513 1929 644 1987 dicit
684 1931 897 1989 Adonai
955 1930 1271 1989 Dominus:
1321 1943 1377 1988 et
1430 1932 1573 1989 lacta
1630 1948 1691 1989 es

100 2023 259 2089 tilii,
281 2021 341 2078 9.
369 2031 427 2078 et
458 2023 562 2078 lavi
586 2032 638 2079 te
664 2024 717 2079 in
733 2038 896 2094 aqua,
927 2031 980 2079 et
1005 2023 1154 2079 ablui
1185 2026 1509 2096 sanguinem
1534 2035 1692 2081 tuum

127 2124 241 2180 te,
276 2123 337 2170 et
366 2116 498 2170 unxl
530 2123 583 2171 te
607 2115 662 2170 in
685 2117 826 2172 oleo.
868 2114 957 2170 10.
991 2115 1059 2171 Et
1086 2115 1235 2171 indui
1268 2124 1322 2172 te
1345 2117 1692 2173 versicolori-

100 2222 218 2271 υς,
260 2214 318 2262 et
344 2205 583 2261 calceavi
621 2212 675 2262 te
728 2205 1042 2280 hyacintho.
1074 2213 1129 2261 et
1162 2207 1377 2262 accinxi
1408 2215 1462 2264 te
1498 2208 1688 2280 bysso,

103 2297 128 2362 )
171 2305 250 2352 et
281 2295 617 2366 circumdedi
648 2310 699 2352 te
729 2296 1019 2367 trichapto,
1042 2296 1128 2353 11.
1158 2309 1212 2353 et
1230 2299 1420 2354 ornavi
1449 2309 1500 2354 te
1526 2314 1692 2355 orna·

100 2396 311 2454 tento,
342 2401 400 2444 et
443 2389 602 2458 posui
634 2389 876 2445 armillas
901 2405 1066 2461 super
1113 2406 1312 2447 manus
1355 2401 1498 2459 tuas,
1534 2402 1588 2448 et
1613 2392 1688 2464 (κ)

100 2493 357 2551 ›rquem
403 2478 456 2535 in
496 2479 701 2536 collum
739 2489 890 2536 tuum
940 2499 956 2537 t
993 2482 1079 2537 12.
1110 2491 1166 2537 et
1192 2481 1318 2537 dedi
1354 2483 1598 2538 inaurem
1625 2482 1687 2555 (t)

100 2573 134 2626 d
191 2586 399 2625 narem
426 2579 596 2637 tuam,
625 2580 681 2626 et
707 2571 915 2627 rotulas
953 2588 1118 2643 super
1144 2588 1308 2630 aures
1341 2585 1485 2639 tuas,
1514 2582 1568 2629 et
1589 2588 1686 2630 co-

101 2677 290 2719 )nam
323 2662 667 2735 gloriationis
686 2679 851 2735 super
879 2675 1042 2736 caput
1064 2674 1218 2721 tuum
1249 2684 1263 2721 ε
1297 2665 1387 2720 15.
1416 2676 1470 2721 et
1493 2674 1685 2723 ornata

100 2773 129 2812 s
191 2771 347 2812 auro
393 2764 450 2810 et
486 2767 733 2826 argento,
787 2765 842 2813 et
894 2758 1219 2814 vestimenta
1269 2767 1360 2813 tua
1415 2757 1588 2829 byssi.
1630 2766 1686 2813 et

100 2847 397 2918 ·icbapta‚
429 2857 483 2903 et
512 2847 611 2922 (m)
653 2848 1005 2905 versicoloria
1037 2867 1051 2905 :
1083 2850 1341 2915 similam,
1367 2856 1421 2904 ct
1449 2848 1575 2916 mel,
1629 2857 1686 2905 et

101 2941 282 2996 lcum
319 2939 630 3006 comedisti,
672 2951 728 2996 et
764 2940 906 2997 sacta
953 2956 1015 2997 es
1045 2941 1272 3011 pulclira
1320 2941 1477 2998 valde
1502 2941 1682 3009 valde,

100 3033 159 3098 a)
207 3040 271 3087 et
316 3039 466 3086 recta
505 3030 650 3086 ivisti
705 3034 773 3101 Χ
822 3032 877 3086 in
915 3034 1202 3104 regnum:
1249 3053 1263 3088 :
1310 3033 1399 3088 tt.
1433 3043 1489 3089 et
1515 3033 1688 3090 exivit

1793 1922 2162 1993 multiplicasti
2188 1925 2251 1995 (t)
2272 1927 2635 1981 scortationes
2664 1937 2786 1982 tuas
2818 1932 2886 1998 Χ
2907 1929 2973 1983 ad
3002 1937 3202 1986 terram
3229 1930 3375 1987 Cha-

1793 2029 1959 2077 naan,
1990 2023 2044 2068 et
2071 2015 2094 2082 ζ
2121 2013 2530 2084 Chaldaeorum,
2577 2033 2679 2073 nec
2723 2020 2775 2072 iu
2807 2019 2893 2074 bis
2920 2020 3129 2090 expleta
3162 2036 3242 2077 es.
3284 2022 3374 2078 50.

1794 2101 1874 2174 (u)
1906 2102 2050 2169 Quid
2087 2119 2285 2173 ponam
2318 2103 2395 2176 (x)
2440 2119 2537 2161 cor
2567 2112 2745 2170 tuum,
2789 2107 2922 2161 dicit
2949 2110 3158 2164 Adonai
3192 2110 3377 2166 Domi-

1793 2194 2077 2250 nusicum
2118 2185 2290 2252 facias
2313 2196 2430 2252 haec
2463 2197 2645 2253 omnia
2663 2213 2826 2268 opera
2857 2198 3105 2257 mulieris
3139 2201 3376 2259 fornica·

1792 2287 1907 2350 riae,
1935 2290 2005 2357 Χ
2031 2287 2104 2360 (y)
2131 2289 2464 2345 confidenter
2488 2291 2701 2362 agentis
2744 2291 2792 2360 ζ,
2827 2300 3062 2348 scortata
3096 2309 3156 2351 cs
3195 2296 3372 2366 tripli-

1791 2379 1925 2435 citer
1958 2395 2125 2450 super
2171 2380 2392 2440 filiabus
2438 2382 2600 2450 tuis:
2641 2384 2775 2439 25¹.
2827 2386 3048 2455 quando
3093 2387 3374 2442 aedilicasti

1791 2471 2021 2541 lupanar
2048 2481 2199 2527 tuum
2230 2488 2391 2543 super
2424 2474 2691 2544 principio
2712 2477 2894 2531 omnis
2923 2480 3045 2542 viae,
3078 2489 3132 2532 et
3155 2477 3376 2533 babita-

1788 2562 1974 2619 culum
2000 2572 2154 2619 tuum
2192 2562 2364 2621 sei-isti
2410 2566 2465 2621 in
2490 2567 2637 2622 omui
2669 2568 2862 2637 platea.
2897 2577 3082 2624 elnon
3131 2567 3277 2625 lacta
3313 2586 3373 2627 es

1788 2656 1934 2712 sicut
1971 2657 2229 2712 meretrix
2285 2659 2357 2729 (z)
2406 2673 2749 2731 congregans
2795 2663 3094 2726 merccdeS,
3146 2662 3235 2717 52.
3296 2662 3372 2735 (a)

1787 2748 1985 2804 mulier
2011 2751 2328 2807 adulterans
2387 2733 2648 2809 desubter
2697 2753 2817 2809 viro
2862 2768 2964 2809 suo
3009 2769 3134 2809 cum
3177 2755 3373 2810 alienis

1786 2840 1984 2897 similis
2025 2842 2144 2908 tibi,
2176 2857 2298 2913 quae
2327 2856 2356 2896 a
2391 2844 2510 2899 viro
2559 2859 2662 2900 suo
2691 2844 2894 2915 accipit
2938 2845 3241 2912 mercedes,
3276 2847 3368 2901 35.

1785 2941 1841 2988 et
1869 2933 2127 2990 omnibus
2157 2936 2532 2991 scortantibus
2558 2951 2682 2992 cum
2706 2951 2768 2992 ea
2801 2937 3008 2992 addens
3028 2936 3126 2993 dat
3159 2953 3372 2993 merce·-

1787 3021 1885 3078 des
1905 3041 1919 3077 :
1939 3032 1992 3077 et
2021 3033 2074 3078 tu
2097 3024 2293 3082 dedisti
2317 3029 2387 3093 Χ
2414 3026 2691 3082 mercedes
2708 3015 2966 3083 o'mnibus
2991 3028 3013 3096 ζ
3034 3029 3373 3085 amatoribus

101 3135 302 3176 omen
358 3129 509 3176 tuum
572 3120 627 3176 in
693 3122 949 3193 gentibus
1009 3123 1077 3178 de
1124 3123 1532 3192 pulchritudine
1569 3134 1683 3189 tua,
1712 3142 1757 3200 C
1789 3114 1923 3177 tuis,
1950 3123 2008 3170 et
2031 3118 2304 3172 onerabas
2336 3133 2451 3181 cos,
2486 3125 2547 3171 ut
2579 3119 2828 3173 venirent
2864 3120 2930 3174 ad
2974 3129 3026 3175 tc
3064 3135 3095 3174 e
3136 3121 3370 3178 circuitu

101 3213 226 3276 {uia
277 3211 609 3284 completum
666 3221 786 3269 erat
852 3213 906 3269 in
974 3212 1381 3283 pulchritudine
1444 3213 1681 3278 decoris,

100 3317 263 3372 ,tram
288 3304 548 3360 constitui
588 3319 754 3374 super
784 3311 856 3370 te,
886 3302 1019 3360 dicit
1044 3303 1256 3359 Adonai
1286 3303 1566 3359 Dominus.
1594 3302 1682 3357 15.

100 3390 153 3445 Bt
181 3388 397 3446 conlisa
419 3388 571 3446 fuisti
597 3405 767 3460 super
780 3390 1183 3459 pulchritudine
1215 3398 1328 3453 tua,
1359 3399 1416 3446 et
1447 3401 1686 3449 scortata

100 3495 149 3536 is
182 3494 356 3551 super
378 3478 599 3535 nomine
624 3489 740 3546 tuo,
769 3490 825 3535 et
849 3479 1088 3537 effudisti
1118 3483 1503 3538 scortationem
1534 3491 1681 3540 tuam

100 3585 269 3640 super
287 3583 504 3626 omnem
548 3571 815 3627 viatorem
855 3588 870 3626 ε
900 3571 1004 3642 ipsi
1029 3587 1173 3628 eras.
1202 3572 1287 3628 16.
1321 3573 1387 3627 Et
1413 3574 1584 3631 tulisti
1615 3574 1682 3630 de

100 3661 345 3717 :estibus
388 3661 518 3728 tuis,
565 3670 619 3720 et
668 3661 846 3720 fecisti
902 3662 998 3719 tibi
1032 3662 1108 3733 (ο)
1153 3664 1297 3721 idola
1347 3676 1595 3736 consuta,
1624 3675 1680 3726 et

100 3763 341 3812 tcortata
375 3771 436 3812 es
472 3771 638 3828 super
657 3771 745 3826 ea,
793 3759 873 3830 (p)
899 3767 955 3816 et
983 3775 1093 3816 non
1123 3761 1472 3833 ingredieris,
1500 3781 1679 3837 neque

100 3849 210 3904 let.
235 3846 318 3903 17.
341 3847 403 3903 Et
430 3848 676 3906 sumsisti
712 3863 837 3904 vasa
864 3850 1208 3920 gloriationis
1231 3864 1337 3910 tuae
1364 3856 1431 3911 de
1451 3867 1676 3928 argento

101 3955 244 4005 neo,
273 3938 412 3995 etde
436 3954 573 3996 auro
593 3955 737 4007 meo,
769 3940 838 3996 de
861 3941 948 4010 iis,
980 3958 1106 4013 quae
1131 3943 1253 4000 dedi
1273 3946 1390 4015 tibi,
1416 3955 1470 4002 et
1498 3947 1678 4006 fecisti

100 4031 192 4088 ‚ibi
229 4030 490 4103 imagines
516 4031 873 4099 masculinas,
909 4039 967 4087 et
993 4044 1232 4090 scortata
1270 4052 1331 4092 es
1365 4038 1419 4091 in
1448 4039 1552 4104 eis,
1583 4040 1674 4097 18.

100 4131 144 4178 ει
173 4120 417 4176 sumsisti
448 4121 836 4176 vestimentum
883 4129 1034 4177 tuum
1067 4125 1305 4190 varium,
1329 4137 1385 4181 ct
1413 4128 1677 4196 operuisti

100 4229 214 4280 tas,
241 4220 294 4267 et
320 4213 497 4270 oleum
537 4227 746 4280 meum,
772 4221 829 4266 et
866 4222 1115 4270 aromata
1146 4229 1267 4270 mea
1289 4218 1524 4285 posuisti
1552 4229 1679 4275 ante

101 4307 290 4364 faciem
318 4319 501 4359 carum
537 4323 553 4358 t
586 4305 673 4360 19.
718 4314 773 4361 et
814 4319 983 4375 panes
1018 4320 1191 4372 meos,
1226 4322 1367 4377 quos
1401 4309 1524 4364 dedi
1554 4310 1676 4375 tibi.

100 4397 355 4464 similam,
383 4403 439 4451 et
467 4396 672 4462 oleum,
701 4403 757 4451 et
802 4397 910 4451 mel
939 4396 1104 4452 edere
1129 4404 1184 4453 te
1207 4397 1332 4465 teci,
1363 4410 1418 4456 et
1447 4403 1674 4471 posuisti

1791 3215 1886 3260 tuo
1913 3204 1970 3260 in
2002 3208 2336 3263 scortatione
2363 3216 2476 3263 tua.
2497 3208 2587 3265 54.
2622 3208 2696 3280 (b)
2734 3210 2801 3264 Et
2821 3210 2963 3266 lacta
2984 3211 3134 3268 estin
3171 3221 3223 3266 te
3248 3228 3376 3283 per-

1787 3292 2021 3349 versitas
2053 3295 2177 3365 plus
2231 3311 2398 3367 quam
2449 3298 2501 3351 in
2537 3298 2883 3364 mulieribus,
2933 3299 2988 3355 iu
3038 3303 3373 3357 scortatione

1788 3394 1901 3452 tua,
1937 3393 1992 3440 et
2021 3394 2148 3455 post
2182 3395 2233 3441 te
2279 3403 2387 3442 non
2415 3396 2670 3444 scortatae
2701 3399 2850 3456 sunt,
2889 3392 2942 3444 in
2974 3407 3060 3456 eo,
3093 3393 3237 3462 quod
3276 3393 3374 3447 ad-

1782 3475 1942 3530 deres
1987 3476 2125 3532 dans
2173 3479 2475 3546 merccdeS,
2528 3488 2582 3535 et
2633 3481 2729 3535 tibi
2767 3481 3051 3538 mercedes
3085 3497 3193 3536 non
3232 3482 3373 3539 datae

1782 3578 1930 3634 sunt,
1960 3578 2016 3626 et
2037 3567 2179 3625 sacta
2223 3572 2431 3626 suntin
2481 3580 2533 3627 te
2559 3553 2838 3642 perv‘ersa.
2866 3572 2958 3629 55.
2996 3574 3221 3644 Propter
3243 3575 3369 3640 boc,

1782 3661 2065 3729 meretrix,
2098 3662 2225 3717 audi
2258 3663 2485 3719 verbum
2517 3663 2755 3720 Domini.
2785 3666 2875 3722 56.
2909 3665 3035 3723 Haec
3062 3663 3196 3722 dicit
3222 3666 3372 3721 Ado-

1781 3754 1869 3809 nai
1905 3752 2173 3812 Dominus
2204 3754 2346 3812 =Pro
2366 3771 2434 3812 eo
2458 3757 2603 3828 quod
2632 3756 2870 3814 effudisti
2902 3774 2977 3814 aes
3007 3758 3368 3824 tuum,etiam

1781 3847 2113 3903 revelabitur
2149 3850 2431 3919 turpitudo
2479 3850 2834 3905 scortationis
2871 3860 2978 3904 tuae
2997 3850 3064 3903 ad
3095 3857 3370 3904 amatores

1781 3949 1925 4006 tuos,
1957 3950 2014 3996 et
2050 3940 2105 3994 in
2137 3955 2330 3997 omues
2351 3939 2708 4011 cogitationes
2735 3941 3089 4010 iniquitatum
3127 3948 3366 4005 tuarum,

1781 4041 1835 4086 et
1859 4031 1913 4086 iu
1934 4032 2298 4103 sanguinibus
2326 4032 2563 4086 tiliorum
2596 4041 2837 4098 tuorum,
2875 4046 3013 4101 quos
3039 4030 3233 4087 dedisti
3263 4032 3365 4087 eis.

1778 4123 1871 4177 57.
1916 4122 2144 4193 Propter
2175 4124 2279 4179 hoc
2327 4138 2392 4180 -t—
2449 4138 2576 4179 ecce
2612 4137 2714 4194 ego
2744 4133 2987 4194 superte
3039 4124 3063 4194 ζ
3098 4139 3370 4194 congrego

1779 4228 1972 4269 omues
2008 4223 2282 4270 amatores
2311 4223 2456 4281 tuos,
2488 4214 2541 4269 in
2568 4214 2770 4285 quibus
2806 4223 2857 4269 te
2877 4215 3274 4272 commiscuisti
3309 4217 3364 4273 in

1779 4304 1883 4371 eis,
1922 4314 1976 4360 et
2021 4320 2232 4372 omnes,
2292 4322 2434 4376 quos
2462 4306 2685 4372 amasti,
2724 4321 2849 4361 cum
2899 4306 3176 4375 omnibus,
3224 4322 3366 4379 quos

1778 4397 1975 4454 oderas
2015 4415 2029 4454 ε
2079 4407 2136 4454 et
2187 4399 2531 4470 congregabo
2585 4414 2683 4454 eos
2730 4406 2977 4469 superte
3007 4400 3265 4470 undiquc,
3310 4409 3367 4455 ct

101 4507 157 4546 aa
181 4498 309 4543 ante
331 4484 524 4544 faciem
555 4502 745 4543 earum
777 4488 833 4543 in
856 4490 1080 4545 odorem
1110 4504 1355 4546 suavem.
1383 4492 1446 4547 Et
1470 4493 1674 4560 sactum
1709 4479 1752 4534 l)
1782 4489 2035 4544 revelabo
2073 4489 2310 4546 malitias
2356 4499 2479 4547 tuas
2510 4492 2576 4546 ad
2619 4505 2736 4556 eos,
2759 4501 2813 4546 et
2857 4490 3122 4547 videbunt
3143 4507 3361 4548 omnem

100 4588 181 4638 cst
213 4577 489 4650 posthaec,
515 4575 883 4634 dicitAdonai
905 4576 1194 4648 Dominus,
1217 4579 1307 4636 20.
1342 4592 1398 4638 et
1423 4587 1671 4642 sumsisti

100 4672 243 4728 lilios
265 4680 399 4737 tuos,
424 4678 480 4727 et
504 4669 646 4726 silias
676 4678 821 4738 tuas,
850 4684 990 4742 quas
1012 4671 1248 4742 genuisti
1274 4675 1346 4742 Χ
1367 4674 1497 4730 milti
1529 4675 1577 4745 ζ,
1617 4687 1673 4734 et

100 4760 410 4819 sacrificasti
454 4777 521 4818 ea
560 4763 644 4819 eis
676 4762 730 4818 in
763 4761 1203 4819 consumtioncm
1236 4781 1252 4820 ε
1286 4766 1445 4836 quasi
1469 4781 1664 4839 parum

100 4860 333 4908 scortata
360 4852 456 4918 sis,
498 4851 589 4908 21.
626 4860 681 4909 et
711 4852 962 4909 mactasti
984 4851 1125 4910 lilios
1177 4864 1322 4920 tuos,
1373 4863 1428 4910 et
1470 4856 1667 4915 dedisti

100 4957 220 5009 eos,
248 4957 363 5000 cum
396 4945 661 5003 reduxisti
714 4946 785 5003 ab
806 4947 889 5002 eis
914 4961 1030 5003 eos.
1072 4944 1164 5000 22.
1193 4945 1312 5002 Hoc
1347 4947 1464 5017 plus
1500 4965 1666 5020 quam

100 5035 279 5093 omnis
309 5035 564 5093 scortatio
595 5045 708 5103 tua.
757 5039 826 5107 Χ
879 5047 938 5094 et
985 5037 1425 5093 abominationes
1457 5040 1613 5110 tuae:
1651 5060 1664 5097 ε

101 5134 157 5184 ct
190 5140 295 5181 uon
331 5125 609 5182 recordata
656 5141 717 5182 es
766 5125 874 5182 diei
927 5125 1177 5196 pueritiae
1209 5134 1338 5195 tuae,
1368 5127 1498 5183 dum
1544 5143 1666 5186 eras

172 5285 377 5370 (0·S.‚
431 5285 568 5356 Tin,
619 5287 675 5343 in
739 5286 1156 5357 impudentiam.

101 5430 302 5486 riorum
329 5367 640 5483 mullorum.
718 5428 796 5499 (a)
842 5426 927 5494 S.,
968 5438 1024 5484 et
1055 5430 1349 5485 extendisti
1398 5441 1469 5488 te.

105 5514 272 5582 neque
300 5495 473 5553 lutura
502 5509 650 5553 sunt.

103 5373 316 5417 amoris.
384 5357 424 5430 (i
481 5355 568 5421 S..
620 5366 676 5413 et
725 5358 899 5414 velavi
953 5366 1004 5414 te
1058 5287 1345 5415 vetamiffl.
1370 5289 1884 5434 s.(k)etq·:neggfigssz·
1912 5301 2513 5435 esufnSssmamemum
2565 5299 3039 5348 ornamentorum·

1546 5436 1621 5505 (ο)
1644 5434 1727 5499 8.,
1759 5434 1972 5490 excelsa
2004 5432 2388 5488 multicoloria.

728 5498 804 5568 (q)
838 5498 1042 5553 Omnes
1072 5500 1368 5564 injustitias
1394 5508 1538 5558 tuaS.
1615 5504 1686 5576 (r)
1714 5505 1801 5570 S..
1825 5513 1979 5559 extra
2016 5518 2047 5557 a
2076 5503 2179 5558 viis
2200 5504 2580 5560 tuissordidis.
2657 5505 2726 5574 (a)
2762 5500 2847 5569 S.,
2877 5501 3031 5568 filias,
3077 5503 3202 5572 quia
3236 5519 3342 5557 nou

1781 4580 2176 4650 turpitudinem
2200 4591 2370 4637 tuam.
2403 4582 2492 4639 58.
2523 4583 2591 4639 Et
2630 4583 2862 4639 ulciscar
2892 4590 2946 4638 te
2968 4583 3176 4638 ultione
3207 4583 3365 4638 adul-

1777 4678 2041 4735 terarum,
2066 4678 2121 4725 et
2148 4669 2545 4727 effundentium
2595 4673 2938 4744 sanguinem,
2979 4683 3034 4727 et
3063 4686 3255 4742 ponam
3312 4684 3364 4726 te

1773 4764 1830 4819 in
1853 4762 2176 4833 sanguinem
2212 4761 2439 4829 suroris,
2476 4773 2531 4819 et
2582 4765 2705 4820 zeli.
2739 4764 2828 4820 59.
2861 4763 2928 4818 Et
2960 4764 3167 4818 tradam
3217 4771 3268 4818 te
3304 4764 3361 4818 in

1773 4868 1975 4909 manus
1996 4867 2210 4918 eorum,
2242 4862 2297 4909 et
2324 4854 2640 4910 subvertent
2683 4855 2914 4924 lupanar
2942 4863 3121 4922 tuum,
3166 4861 3220 4908 et
3264 4869 3360 4909 cx-

1774 4944 2086 5015 stirpabunt
2117 4944 2187 5017 (c)
2219 4945 2587 5001 babitaculum
2618 4955 2798 5011 tuum,
2818 4955 2873 5001 et
2896 4954 3099 5001 exuent
3121 4954 3173 5001 te
3193 4946 3361 5000 vesti·

1773 5036 1975 5092 mentis
2006 5036 2137 5103 tuis,
2163 5044 2218 5091 et
2264 5037 2452 5092 tollent
2484 5036 2611 5093 v'asa
2646 5037 2986 5109 gloriationis
3038 5048 3162 5105 tuae,
3192 5048 3246 5094 et
3273 5040 3357 5094 di-

1775 5128 1998 5184 mittent
2029 5135 2082 5184 te
2131 5129 2356 5195 nudam,
2388 5138 2442 5185 et
2495 5128 2921 5200 discoopertam.
2955 5129 3048 5186 to,
3085 5131 3149 5185 Et
3184 5132 3356 5185 addu-

2201 5378 2368 5432 super
2410 5379 2597 5419 narem
2643 5374 2816 5417 tuam.
2895 5360 2993 5433 (m)
3042 5290 3351 5427 S.,(ll)exl.5o1

2466 5435 2545 5503 (p)
2604 5432 2691 5498 S.,
2723 5448 2847 5503 quae
2895 5446 3002 5486 non
3030 5429 3169 5488 saeta
3197 5443 3345 5498 sunt,

103 5577 285 5624 sauata
310 5583 383 5624 es.
458 5567 525 5648 (t)
547 5555 917 5625 Testamenta.
994 5567 1073 5638 (u)
1105 5568 1191 5635 8.,
1223 5568 1277 5624 iu
1311 5585 1423 5641 quo
1476 5577 1753 5632 mundabo
1781 5591 1876 5631 cor
1928 5581 2105 5628 tuum.
2181 5572 2260 5642 (x)
2310 5571 2499 5628 Filias.
2575 5574 2651 5644 (y)
2700 5571 2785 5640 S.,
2829 5574 3128 5642 imperiosae
3170 5574 3342 5653 donni.

104 5639 174 5710 (ι)
199 5637 280 5702 S..
301 5637 350 5693 in
372 5647 625 5708 aequitate
650 5638 773 5694 fidei
807 5653 1146 5709 congregans
1175 5640 1469 5700 intercades.
1547 5645 1627 5715 (a)
1663 5646 1749 5706 S..
1793 5659 1827 5700 o
1858 5643 2053 5698 mulier
2085 5642 2328 5697 adultera
2361 5644 2636 5713 accipiens
2670 5643 2924 5699 desubter
2946 5642 3060 5697 viro
3090 5659 3193 5700 suo
3208 5645 3346 5704 ,alte-

109 5724 219 5764 nos.
247 5708 501 5764 usualibus
528 5710 725 5764 scortis
755 5709 1037 5764 mercedes
1055 5708 1283 5770 dantur:
1335 5719 1390 5766 tu
1422 5724 1607 5768 alitem
1650 5730 1776 5771 cum
1824 5715 1927 5768 boc
1978 5712 2195 5767 dedisti.
2276 5712 2352 5783 (ὁ)
2401 5711 2487 5779 8.,
2520 5723 2574 5769 ct
2608 5712 2812 5772 sactum
2847 5712 3011 5770 estin
3043 5722 3096 5770 te
3117 5715 3264 5783 quod
3292 5714 3346 5766 iu

108 5779 353 5851 opposito.
385 5831 392 5836 ,
423 5777 497 5852 (c)
527 5778 613 5848 S.,
639 5777 979 5834 altitudinem
1014 5787 1185 5836 tuam.
