3967 6217
83 392 284 450 2733

1334 365 1738 428 iiEzEctELts
1771 368 2003 426 CAPUT
2042 367 2211 426 XXX.

3302 363 3448 423 1732.

91 513 276 570 dicit
307 509 605 565 Dominus
626 503 892 562 Dominus
922 497 1095 557 :Ecce
1117 513 1219 569 ego
1245 511 1409 567 snper
1441 504 1512 561 tc,
1531 493 1769 554 Pharao,
1799 495 1847 553 A
1875 525 1996 567 van,
2025 514 2188 571 ducet
2215 513 2585 588 capfivssaoem
2619 515 2740 586 ejus
2772 531 2787 583 3
2814 520 2866 570 e,
2891 509 2994 569 em
3022 503 3230 565 meme-3
3254 505 3450 561 „jumi

105 609 334 678 *rex
385 599 620 675 AEgypti
654 600 706 670 ζ,
732 596 1030 653 draconem
1072 606 1353 664 maguum,
1388 587 1665 644 sedentem
1703 585 1756 639 in

111 693 346 754 medio
391 693 688 751 fluminum
733 689 810 761 (n)
857 701 1110 751 suorum,
1146 684 1417 740 dicentem
1448 697 1465 735 τ
1494 678 1607 734 Mea
1635 685 1763 734 sunt

114 785 424 850 numina,
457 791 512 840 et
544 797 646 855 ego
676 778 778 836 feci
803 793 889 835 ea.
923 777 979 831 1.
1009 774 1078 831 Et
1109 789 1212 846 ego
1231 773 1374 830 dabo
1397 772 1471 842 (ο)
1505 771 1759 840 laqueum

115 881 191 935 ’ta
231 876 517 934 maxillas
540 884 684 933 tuas.
716 881 772 927 et
812 869 1169 941 agglutinabo
1197 859 1385 937 'pisces
1409 860 1651 918 fluminis
1681 857 1762 915 tui

121 965 213 1023 ad
245 966 384 1021 alas
427 971 571 1027 tuas,
617 968 673 1016 et
710 959 941 1017 educam
975 966 1028 1014 te
1063 959 1129 1012 de
1173 955 1351 1011 medio
1385 951 1629 1008 fluminis
1662 950 1762 1015 tui',

120 1066 197 1113 et
240 1070 460 1114 omncs
486 1024 667 1127 pisces
699 1051 943 1109 fluminis
979 1049 1224 1123 squamis
1250 1049 1360 1104 tuis
1392 1045 1763 1103 adhaerebunt.

117 1150 202 1206 5.
260 1147 337 1207 Et
384 1148 676 1222 projiciam
722 1151 777 1201 te
814 1143 1093 1209 velociter,
1121 1146 1257 1212 flet
1297 1149 1349 1197 te
1385 1139 1434 1210 ζ.
1468 1147 1522 1195 et
1572 1151 1765 1194 omnes

119 1243 345 1318 pisces
378 1237 627 1296 fluminis
657 1256 672 1293 ι
703 1252 868 1308 super
909 1233 1104 1293 faciem
1140 1235 1315 1304 campi
1359 1233 1438 1288 tui
1486 1231 1673 1296 cades,
1713 1236 1768 1285 ct

125 1350 271 1391 uon
306 1331 759 1405 congregaberis,
798 1344 976 1402 aeque
1015 1327 1288 1401 colligeris
1318 1346 1332 1382 :
1367 1326 1558 1383 bestiis
1587 1333 1764 1389 terrae,

131 1434 206 1482 et
235 1424 573 1482 volucribus
615 1423 739 1479 eoeli
781 1421 908 1478 dedi
946 1429 1000 1477 te
1031 1421 1087 1476 in
1118 1420 1326 1476 cibum.
1376 1419 1431 1473 6.
1465 1418 1534 1473 Et
1560 1429 1768 1488 cogno-

137 1526 326 1575 sceui.
350 1531 553 1574 omnes
584 1515 957 1586 inhabitantes
994 1512 1319 1587 AEgyptum,
1364 1513 1490 1582 quia
1517 1525 1616 1582 ego
1645 1522 1767 1563 sum

143 1605 478 1674 Dominus,
516 1621 620 1678 pro
652 1620 720 1662 eo
770 1602 916 1676 quod
958 1602 1137 1660 iactus
1175 1617 1233 1659 es
1281 1602 1433 1673 virga
1471 1598 1769 1656 arundinea

147 1698 362 1756 domui
413 1697 635 1754 israelis
668 1715 684 1752 ι
720 1695 772 1754 7.
817 1711 942 1751 cum
981 1693 1461 1767 apprehenderunt
1501 1701 1552 1748 te
1605 1706 1770 1747 manu

158 1804 291 1855 sua,
345 1787 672 1846 confractus
714 1802 798 1854 es,
836 1796 891 1843 et
934 1802 1059 1843 cum
1106 1785 1390 1857 praevaluit
1443 1798 1610 1855 super
1670 1797 1768 1839 eos

158 1879 362 1937 omnis
417 1895 638 1945 manus,
692 1888 748 1936 et
778 1877 1002 1951 qnando
1050 1876 1440 1949 requieverunt
1485 1891 1652 1947 super
1688 1885 1760 1942 te,

163 1971 498 2031 confractus
522 1987 603 2040 es,
619 1980 674 2028 et
690 1969 993 2028 contrivisti
1018 1985 1237 2026 omnem
1272 1970 1519 2025 lumbum
1551 1983 1764 2024 eorum.

165 2061 226 2120 8.
265 2059 508 2134 Propter
545 2063 655 2117 boc
684 2061 801 2117 hirc
838 2060 968 2116 dicit
998 2060 1263 2116 Dominus
1299 2059 1601 2115 Dominus:
1630 2058 1769 2115 Ecce

168 2169 276 2226 ego
299 2152 509 2209 induco
534 2159 771 2223 superte
792 2151 1053 2222 gladium,
1087 2159 1144 2206 et
1168 2149 1390 2222 perdam
1415 2150 1484 2205 de
1513 2159 1564 2204 tc
1590 2147 1769 2204 bomi-

171 2260 278 2301 nes
306 2254 363 2300 et
387 2243 654 2314 jumenta.
684 2241 736 2297 9.
769 2244 836 2298 Et
874 2244 980 2298 erit
1009 2251 1155 2297 terra
1183 2237 1406 2313 AEgyptl
1434 2238 1687 2311 perditio,
1715 2247 1770 2295 et

174 2335 467 2396 solitudo:
496 2343 550 2392 et
605 2336 799 2402 scient,
843 2334 987 2405 quod
1027 2347 1128 2404 ego
1156 2347 1279 2389 sum
1326 2331 1591 2388 Dominus
1623 2349 1637 2386 t
1667 2345 1768 2401 pro

170 2443 242 2486 eo
286 2428 437 2504 quod
473 2427 611 2484 dicis
644 2445 658 2482 ε
692 2421 946 2481 Flumina
990 2429 1287 2494 meagsunt,
1316 2432 1371 2479 et
1413 2437 1515 2495 ego
1547 2421 1649 2479 leci
1679 2437 1766 2478 ea.

172 2520 268 2578 ¹⁰.
300 2517 536 2592 Propter
562 2518 664 2574 boc
687 2534 815 2576 ecce
850 2534 951 2590 ego
993 2532 1156 2588 super
1189 2527 1260 2582 te,
1304 2525 1361 2573 et
1389 2532 1552 2587 super
1583 2515 1767 2571 omnia

169 2609 403 2669 flumina
431 2620 548 2682 tua,
569 2621 624 2668 et
650 2611 794 2666 dabo
829 2621 1030 2666 terram
1049 2608 1268 2682 AEgypti
1304 2609 1358 2664 in
1391 2608 1763 2673 solitudinem,

171 2713 231 2762 et
256 2703 313 2760 in
345 2701 607 2776 gladium,
642 2701 773 2758 etin
813 2700 1197 2773 perditionem,
1225 2717 1256 2757 a
1288 2699 1521 2771 Magdol,
1556 2708 1612 2755 et
1636 2697 1765 2754 Sui·

173 2812 310 2863 nus,
357 2804 413 2852 et
459 2811 632 2867 usque
681 2793 751 2850 ad
805 2793 1070 2849 terminos
1117 2791 1461 2864 AEtbiopum.
1501 2793 1587 2850 11.
1647 2791 1766 2850 Non

177 2887 441 2945 transibit
488 2887 544 2943 in
588 2903 654 2944 ea
695 2902 793 2959 pes
827 2887 1090 2951 bominis,
1150 2895 1206 2967 et
1248 2902 1345 2959 pes
1370 2885 1608 2957 jumenti
1653 2901 1765 2941 non

178 2975 439 3036 transibit
461 2993 608 3046 eam,
648 2988 704 3033 et
749 2993 860 3034 non
903 2977 1237 3036 habitabitur
1266 2978 1632 3052 quadraginta
1665 2995 1768 3035 an·

182 3083 307 3128 nos.
334 3068 422 3124 ¹2.
457 3067 524 3124 Et
553 3067 695 3124 dabo
732 3077 933 3126 terram
962 3069 1082 3141 ejus
1110 3070 1470 3142 perditionem
1500 3071 1555 3125 in
1590 3071 1769 3126 medio

1860 605 1980 674 ejus
2005 624 2021 662 ε
2046 605 2137 663 2⁰.
2172 608 2236 682 (⁶)
2285 625 2382 680 pro
2423 609 2626 665 servitu
2671 608 2816 679 eJuS,
2850 620 2960 679 quo
2990 603 3139 660 cultu
3170 597 3452 657 servitutis

1861 698 2083 754 servivit
2105 715 2271 771 super
2294 699 2522 774 Tyrum,
2554 700 2753 757 dedici
2778 708 2977 755 terram
3005 692 3252 766 AEgypst,
3270 692 3449 758 >two

1865 794 1890 866 ζ
1923 794 2200 859 omnibus,
2240 808 2360 866 qnae
2401 793 2645 849 fecerunt
2692 789 2848 846 milii.
2871 802 2932 844 -t-
2958 785 3084 841 Haec
3113 785 3139 855 ζ
3167 780 3298 838 dicit
3339 777 3449 832 Do-

1861 885 2047 941 minus
2078 884 2342 942 Dominus
2377 903 2390 940 :
2417 883 2509 940 at.
2531 885 2589 939 ln
2620 883 2709 939 die
2736 881 2828 938 illo
2860 879 3067 936 orietur
3101 888 3273 931 cornu
3297 868 3450 926 omni

1865 975 2051 1032 domui
2095 974 2332 1042 Israelis,
2382 984 2436 1032 et
2485 975 2580 1032 tibi
2621 976 2762 1031 dabo
2797 988 2860 1029 os
2891 978 3139 1041 apertum
3174 968 3229 1021 in
3271 958 3450 1018 medio

1863 1082 2078 1134 corum,
2107 1075 2161 1123 et
2194 1068 2569 1139 scient,'quod
2593 1082 2693 1137 ego
2718 1080 2839 1122 sum
2881 1061 3166 1117 Dominus.

1935 1159 2069 1230 Cap.
2124 1141 2294 1214 XXX.
2333 1189 2403 1201 -
2455 1159 2508 1212 1.
2560 1158 2624 1213 Et
2671 1158 2872 1212 tactum
2921 1160 3006 1209 est
3055 1149 3281 1206 verbum
3340 1142 3448 1198 Do-

1867 1249 2002 1307 mini
2027 1250 2095 1306 ad
2125 1265 2233 1314 me,
2262 1249 2454 1305 dicens
2487 1266 2502 1304 ε
2540 1248 2595 1306 2.
2632 1246 2733 1302 Fili
2789 1242 3050 1309 bominis,
3075 1240 3364 1312 propbeta,
3396 1245 3452 1292 et

1866 1343 1955 1399 dic
1987 1360 2001 1397 t
2035 1342 2163 1398 Haec
2184 1339 2317 1397 dicit
2336 1339 2545 1395 Adonai
2573 1333 2956 1400 Dominusto,
2993 1348 3028 1388 o
3068 1333 3206 1398 dies,
3232 1330 3288 1385 5.
3323 1328 3450 1397 quia

1867 1433 2209 1507 propinquus
2225 1434 2363 1496 dies,
2388 1440 2441 1487 et
2474 1429 2814 1502 propinquus
2834 1427 2954 1482 dies
2975 1421 3213 1490 Domini,
3238 1421 3357 1476 dies
3383 1422 3451 1487 js

1869 1524 2036 1581 nubIs
2070 1525 2118 1596 ζ,
2159 1523 2285 1578 linis
2340 1522 2583 1595 gentium
2633 1519 2756 1573 crit.
2790 1517 2845 1571 4.
2889 1515 2956 1570 Et
3003 1513 3184 1569 veniet
3238 1510 3453 1578 gladius

1870 1632 2036 1687 super
2063 1613 2369 1688 AEgyptios,
2401 1611 2578 1668 eterit
2612 1607 2952 1682 perturbatio
2990 1605 3047 1660 in
3068 1601 3369 1671 AEtbiopia,
3395 1609 3451 1653 et

1869 1709 2065 1765 cadent
2112 1706 2282 1762 occisi
2343 1706 2397 1760 in
2444 1702 2706 1775 AEgypio,
2745 1700 2813 1768 ᾗ(
2846 1706 2902 1754 et
2955 1695 3170 1767 capient
3210 1689 3454 1747 multitu-

1872 1799 2054 1855 dinem
2083 1798 2204 1868 ejus
2233 1798 2295 1869 ζ,
2329 1804 2383 1852 et
2421 1795 2617 1850 cadent
2664 1791 2829 1848 simul
2889 1788 3243 1844 fundamenta
3309 1782 3450 1853 ejus.

1872 1889 1926 1945 5.
1957 1887 2159 1953 Persae,
2177 1895 2232 1943 et
2260 1885 2573 1954 Cretenses,
2600 1892 2653 1939 et
2676 1880 2834 1956 Lydi,
2865 1889 2919 1937 et
2947 1878 3166 1950 Libyes,
3186 1884 3241 1931 et
3261 1890 3454 1930 omnes

1868 1978 2166 2043 commisti,
2193 1986 2249 2034 et
2288 1976 2527 2032 illiorum
2577 1972 2890 2030 testamenti
2954 1971 3082 2034 mei,
3115 1969 3237 2040 ipso
3264 1965 3449 2038 gladio

1868 2070 2086 2126 cadent.
2118 2066 2173 2123 6.
2209 2070 2279 2138 Χ
2305 2065 2432 2123 Haec
2460 2064 2592 2121 dicit
2626 2065 2837 2120 Adonai
2883 2061 3148 2119 Dominus
3178 2061 3203 2132 ζ
3239 2078 3252 2115 z
3281 2067 3334 2114 et
3359 2073 3452 2113 ca·

1869 2162 2002 2218 dent
2042 2158 2412 2215 sustentacula
2445 2155 2684 2228 AEgypti,
2709 2164 2764 2210 et
2794 2153 3088 2211 descendet
3124 2149 3452 2209 contumelia

1869 2251 2207 2310 fortitudinis
2232 2250 2350 2320 ejus
2374 2265 2405 2304 a
2429 2247 2643 2317 Magdol
2670 2277 2732 2304 -e-
2759 2262 2933 2317 usque
2960 2246 3026 2302 ad
3054 2243 3251 2314 Sonat
3275 2242 3454 2314 gladio

1870 2340 2067 2396 cadent
2098 2338 2152 2393 in
2183 2353 2269 2404 ea,
2323 2336 2456 2394 dicit
2493 2335 2700 2392 Adonai
2734 2334 3019 2391 Dominus.
3050 2335 3104 2386 7.
3136 2331 3203 2387 Et
3238 2332 3453 2387 desola-

1868 2430 2019 2485 bitur
2071 2427 2126 2484 in
2181 2429 2361 2485 medio
2423 2428 2704 2500 regionum
2744 2430 2813 2498 Χ
2858 2426 3271 2497 depravatarum
3311 2425 3455 2496 1,‹t

1871 2522 2037 2578 urbes
2064 2535 2255 2576 eorum
2290 2521 2344 2575 in
2381 2520 2561 2576 medio
2611 2519 2830 2576 urbium
2863 2517 3233 2574 desolatarum
3267 2524 3453 2582 erunt,

1869 2613 1927 2671 8.
1955 2621 2011 2670 et
2046 2613 2241 2677 seient,
2282 2611 2429 2683 quod
2482 2625 2585 2683 ego
2617 2626 2740 2666 sum
2785 2608 3074 2676 Dominus,
3104 2607 3325 2679 quando
3353 2607 3452 2662 de-

1869 2706 2004 2763 dero
2050 2704 2234 2778 ignem
2297 2720 2462 2775 super
2512 2701 2827 2777 AEgyptum,
2866 2711 2922 2757 et
2968 2698 3189 2756 contriti
3248 2697 3455 2754 suerint

1868 2814 2082 2863 omnes»,
2132 2798 2227 2870 qui
2268 2797 2606 2852 auxiliantur
2637 2795 2709 2852 ei.
2746 2795 2801 2852 9.
2833 2793 2893 2849 ln
2927 2793 3019 2849 die
3048 2791 3145 2847 iiio
3172 2789 3454 2861 egredien-

1871 2901 1961 2946 tur
1994 2889 2169 2946 nuntii
2202 2893 2271 2961 Ji(
2306 2906 2337 2946 a
2372 2888 2511 2945 facie
2569 2904 2688 2943 mea
2719 2886 2902 2944 Assim
2945 2887 2970 2957 ζ
3000 2860 3457 2941 festinantes⁸de·

1869 2998 2101 3055 pravare
2130 2981 2470 3052 AEtliiopiam
2507 2984 2574 3050 >x
2601 2979 2701 3053 τὴν
2740 2994 2891 3051 spem
2920 2979 2973 3050 ζ,
3014 2987 3067 3032 et
3094 2976 3201 3034 erit
3241 2984 3457 3045 pertur-

1872 3073 2022 3129 batio
2049 3073 2103 3127 in
2133 3073 2293 3130 eisin
2328 3072 2417 3127 die
2439 3070 2677 3144 AEgypti,
2707 3071 2835 3144 quia
2852 3084 2981 3125 ecee
3012 3069 3178 3125 venit.
3211 3066 3300 3123 10.
3331 3068 3460 3121 iiaee

185 3170 345 3217 terrae
366 3159 612 3225 desertae,
635 3168 689 3214 et
713 3160 877 3215 urbes
909 3159 1028 3229 eius
1054 3158 1109 3214 in
1136 3157 1312 3214 medio
1342 3158 1560 3214 urbium
1582 3159 1770 3215 deser·
1799 3176 1843 3236 (ς,
1875 3164 2009 3222 uicit
2033 3165 2298 3220 Dominus
2320 3161 2700 3218 Dominuszssi
2721 3160 3032 3231 disperdam
3053 3158 3457 3215 multitudinem

185 3261 360 3308 tarum
405 3261 566 3307 erunt
587 3255 658 3322 ὴ(
678 3251 1012 3324 corruptio:
1050 3250 1412 3324 quadraginta
1462 3265 1638 3307 annos
1675 3270 1691 3307 z
1724 3261 1780 3305 et
1881 3255 2263 3330 Aegyptiorum
2316 3269 2413 3326 per
2445 3268 2671 3308 manum
2702 3248 3263 3306 Nabucliodonosoris
3314 3247 3461 3320 regis

191 3342 558 3400 disseminabo
585 3342 882 3415 AEgyptum
914 3343 970 3398 in
995 3341 1269 3414 gentibus,
1301 3351 1356 3396 et
1385 3341 1660 3397 ventilabo
1681 3356 1778 3399 eos

190 3435 247 3490 in
283 3435 552 3506 regiones.
589 3435 676 3489 ¹3.
704 3433 847 3502 Quia
875 3433 994 3489 lioec
1020 3432 1153 3488 dicit
1178 3431 1438 3489 Dominus
1470 3431 1774 3490 Dominus:

196 3523 326 3580 Post
359 3522 722 3594 quadraginta
774 3536 954 3577 anuos
993 3521 1336 3593 congregabo
1390 3523 1675 3596 AEgyptios
1710 3541 1775 3581 ex

203 3612 468 3684 gentibus,
493 3626 604 3682 quo
631 3610 864 3684 dispersi
909 3620 1067 3668 erant
1102 3610 1233 3668 illuc
1263 3631 1276 3668 ε
1312 3610 1398 3670 ss.
1431 3624 1486 3670 et
1518 3614 1775 3674 reducam

204 3705 559 3776 captivitatem
599 3703 1004 3777 AEgyptiorum,
1051 3714 1104 3761 et
1152 3704 1399 3762 babitare
1448 3706 1643 3763 faciam
1679 3724 1776 3766 eos

200 3797 255 3872 ‚in
291 3805 424 3852 terra
452 3793 681 3854 Putbros
713 3797 812 3868 (p),
865 3797 918 3852 in
948 3805 1112 3861 terra.
1160 3797 1304 3854 unde
1334 3800 1500 3855 sumti
1537 3809 1686 3867 sunt,
1720 3809 1776 3858 et

200 3886 472 3959 eritxibi
515 3888 540 3961 ζ
576 3888 917 3962 principatus
960 3888 1181 3946 humilis
1231 3909 1247 3946 z
1289 3889 1377 3947 15.
1434 3893 1559 3964 plus
1607 3908 1772 3963 quam

203 3991 383 4033 omnes
418 3976 760 4049 principatus
784 3979 974 4046 crios(
995 3979 1219 4036 humilis
1252 3980 1302 4052 ζ,
1333 3997 1442 4036 non
1485 3997 1547 4039 se
1589 3983 1777 4039 efferet

201 4067 418 4141 amplius
449 4083 611 4142 super
634 4078 845 4140 gentes,
877 4077 931 4125 et
955 4084 1162 4139 paucos
1202 4085 1298 4126 eos
1328 4070 1545 4139 faciam,
1577 4089 1646 4128 ne
1666 4073 1777 4130 sint

203 4157 375 4229 plures
397 4157 537 4212 inter
557 4164 749 4228 gentes
777 4177 791 4211 :
812 4156 899 4212 16.
925 4163 981 4211 et
1013 4171 1121 4212 non
1143 4168 1307 4214 erunt
1326 4160 1562 4230 amplius
1585 4159 1778 4216 domui

203 4249 401 4306 lsraelis
428 4248 483 4304 in
510 4263 685 4320 spem,
732 4248 788 4304 in
827 4248 1149 4304 memoriam
1186 4260 1534 4306 revocantem
1569 4249 1778 4323 iniqui-

204 4344 357 4392 tatem
387 4334 482 4408 (q),
530 4351 658 4391 cum
686 4336 1072 4393 adhaereseunt
1100 4345 1227 4409 post
1258 4338 1423 4394 corda
1466 4353 1682 4407 eorum,
1723 4345 1780 4398 et

204 4423 385 4493 scient,
444 4423 589 4496 quod
638 4440 743 4499 ego
790 4441 911 4482 sum
953 4425 1165 4486 Adonai
1222 4428 1509 4488 Dominus.
1566 4431 1654 4487 t7.
1706 4431 1774 4489 Et

1881 3346 2195 3418 Babylonis,
2227 3344 2314 3400 11.
2346 3343 2542 3415 ipsius,
2569 3350 2625 3398 et
2675 3340 2859 3413 populi
2918 3340 3041 3410 ejus
3074 3341 3144 3408 >t<
3169 3353 3295 3393 cum
3326 3353 3391 3390 eu
3411 3337 3461 3406 ζ.

1878 3443 2254 3508 corruptores,
2277 3434 2417 3506 quie
2439 3433 2691 3507 gentibus
2709 3431 2866 3489 missi
2887 3438 3017 3488 sunt
3033 3429 3098 3485 ad
3123 3428 3459 3500 perdendum

1879 3538 2083 3585 terram
2135 3545 2148 3583 ε
2190 3537 2246 3584 et
2297 3526 2644 3583 evacuabunt
2675 3538 2736 3580 -t-
2778 3537 2969 3580 omnes
3000 3521 3025 3593 ξ
3058 3521 3266 3594 gladios
3329 3537 3460 3576 suos

1879 3637 2044 3692 snper
2071 3618 2389 3694 AEgyptum,
2419 3629 2475 3676 et
2500 3618 2796 3690 replebitur
2836 3626 2979 3672 terra
3011 3614 3209 3672 occisis
3240 3629 3254 3666 z
3290 3613 3376 3668 ¹2.
3409 3622 3465 3670 et

1877 3712 2022 3768 dabo
2052 3710 2279 3768 ssuiuina
2311 3727 2504 3768 eorum
2534 3711 2770 3777 deserta,
2806 3709 2879 3778 3(
2911 3716 2966 3764 et
3015 3707 3226 3763 tradam
3263 3715 3461 3762 terram

1878 3805 1932 3861 in
1964 3820 2130 3862 manu
2160 3806 2427 3861 malorum
2472 3805 2537 3876 ζ.
2572 3812 2627 3860 et
2655 3803 2966 3874 disperdam
3009 3811 3234 3865 terram,
3265 3810 3315 3855 et
3349 3801 3465 3868 ple-

1878 3898 2182 3956 nitudinem
2212 3912 2401 3954 eorum
2430 3913 2556 3953 cum
2575 3894 2912 3967 plenitudine
2946 3894 3087 3963 ejus,
3116 3893 3171 3947 in
3208 3891 3464 3947 manibus

1878 3988 2208 4055 alienorum,
2237 3987 2367 4057 quia
2394 4001 2497 4059 ego
2519 3984 2784 4040 Dominus
2807 3983 3019 4039 locutus
3042 3982 3294 4039 sum.13.
3325 3979 3465 4048 Quia

1878 4078 1998 4135 ltaec
2036 4077 2170 4132 dicit
2198 4075 2466 4132 Dominus
2501 4059 2765 4130 Dominus
2791 4072 2891 4128 :Et
2920 4071 3142 4143 perdam
3182 4073 3466 4128 abomina—

1881 4167 2084 4233 tiones,
2120 4173 2177 4220 et
2206 4179 2425 4221 cessare
2445 4164 2644 4220 faciam
2679 4162 2972 4234 optimates
2993 4165 3059 4218 de
3096 4161 3384 4233 Memphis,
3410 4174 3464 4220 et

1879 4254 2157 4329 principes
2183 4256 2252 4313 de
2286 4265 2431 4312 terra
2455 4254 2701 4329 AEgypti,
2731 4264 2786 4311 et
2818 4270 2929 4311 non
2977 4265 3139 4311 erunt
3189 4256 3461 4326 amplius:

1880 4350 2018 4419 *et
2047 4348 2189 4405 dabo
2212 4357 2473 4406 terrorem
2499 4363 2567 4405 ex
2589 4356 2731 4405 terra
2762 4347 3143 4421 AEgypti2dh.
3168 4347 3234 4404 Et
3255 4349 3465 4418 disper-

1879 4445 2005 4500 tiam
2046 4454 2248 4499 terram
2290 4440 2545 4507 Patbros,
2576 4451 2631 4497 et
2658 4442 2800 4498 dabo
2840 4442 3022 4513 ignem
3063 4454 3228 4510 super
3262 4439 3464 4506 Tainia,

208 4515 392 4572 ''mun‘'
420 4525 501 4572 0⁸⁸
533 4518 587 4572 3¹¹
619 4533 764 4573 ²⁸¹⁰⁰
801 4518 1068 4588 vige-“³¹¹³‘'
1094 4529 1147 4575 θῑ
1175 4522 1430 4592 minimo,
1467 4540 1577 4581 ιιι10
1617 4541 1771 4581 1¹¹0ss-
1803 4507 1850 4564 ¹¹
1872 4545 1929 4593 et
1954 4535 2153 4593 faciam
2186 4533 2450 4590 ultionem
2469 4535 2523 4589 iu
2558 4532 2824 4606 Diospoli.
2866 4533 2949 4589 15.
2985 4530 3051 4587 Et
3077 4530 3353 4587 effundam
3389 4532 3467 4585 lu-

208 4605 281 4663 sis
299 4607 467 4680 primi,
491 4607 694 4665 factum
713 4621 796 4666 est
820 4610 1045 4666 verbum
1072 4611 1290 4668 Domini
1318 4615 1518 4683 adme,
1541 4617 1727 4675 dicens
1753 4637 1772 4673 ι

210 4697 290 4755 18.
315 4697 352 4755 f
355 4700 406 4756 iii
432 4700 691 4786 hominis,
721 4701 1234 4762 Nabuchodonosor
1252 4723 1349 4764 rex
1373 4707 1667 4782 Babylonis
1696 4711 1770 4783 (r)

210 4792 393 4850 servire
409 4793 536 4852 fecit
566 4797 868 4853 exercitum
896 4811 1079 4864 suum,
1101 4798 1360 4855 servitute
1391 4816 1585 4874 magna
1607 4818 1772 4874 super

213 4879 411 4956 Tyrum,
452 4885 521 4956 (s)
549 4903 713 4944 omne
739 4897 904 4961 caput
935 4889 1172 4956 calvum,
1206 4901 1259 4949 et
1287 4894 1471 4950 omnis
1500 4895 1766 4954 humerus

213 4968 452 5044 depilatus
484 4995 499 5032 t
535 4989 592 5034 et
623 4994 832 5037 merces
869 4996 976 5037 non
1006 4978 1111 5038 ruit
1151 4983 1227 5048 ei,
1262 4993 1318 5039 et
1344 4985 1609 5042 exercitui
1642 4987 1765 5059 ejus

217 5079 360 5138 super
384 5064 604 5140 Tyrum,
646 5080 701 5127 et
742 5074 1041 5142 servitutis,
1075 5091 1241 5148 quam
1286 5076 1576 5135 coluerunt
1603 5095 1766 5151 super

216 5171 340 5214 eam.
377 5157 452 5216 19.
480 5163 547 5230 31(
568 5159 796 5233 Propter
841 5163 945 5220 boc
978 5164 1001 5237 ζ
1037 5166 1153 5222 baec
1191 5165 1327 5224 dicit
1362 5169 1627 5228 Dominus
1657 5171 1762 5229 Do-

218 5247 373 5306 minus
405 5267 417 5307 :
458 5251 597 5308 Ecce
623 5255 694 5323 jn(
730 5269 832 5328 ego
868 5257 892 5327 ζ
932 5256 1004 5313 do
1057 5256 1589 5319 Nabuchodonosori
1651 5267 1762 5337 regi

215 5335 471 5413 Babylonis
494 5345 681 5417 χτὴν
718 5347 741 5418 ζ
777 5356 976 5404 terram
1010 5347 1250 5424 AEgypti,
1282 5362 1338 5419 et
1374 5363 1553 5411 sumet
1577 5358 1761 5412 multi-

217 5431 423 5491 tudinem
459 5436 601 5508 ejus,
637 5447 692 5495 et
718 5441 1048 5512 praedabitur
1070 5445 1305 5515 praedam
1337 5447 1479 5520 ejus,
1514 5457 1568 5505 et
1592 5450 1763 5521 capti·

1870 4644 2054 4684 rorem
2091 4642 2277 4683 meum
2309 4642 2478 4698 super
2526 4626 2660 4684 Sain
2686 4627 2858 4684 robur
2891 4623 3134 4697 AEgypti,
3167 4633 3223 4680 et
3253 4626 3464 4694 disper*

1870 4721 1997 4776 dam
2047 4716 2455 4774 multitudinem
2502 4717 2839 4790 Memplieos,
2880 4694 3054 4773 iisset
3098 4716 3240 4771 dabo
3282 4715 3461 4786 iguem

1868 4824 2039 4880 super
2082 4806 2404 4881 AEgyptum,
2464 4817 2519 4863 et
2560 4808 2976 4879 perturbatione
3047 4804 3464 4876 perturbabitur

1875 4901 2024 4970 Sais,
2058 4909 2112 4957 et
2161 4900 2214 4956 in
2256 4901 2499 4972 Diospoli
2549 4901 2656 4957 erit
2695 4901 2963 4963 scissura,
2996 4907 3052 4953 et
3088 4897 3463 4953 diffundentur

1874 5007 2051 5065 aquae.
2081 4993 2168 5048 17.
2191 4991 2429 5049 Iuvenes
2468 4994 2622 5051 urbis
2652 4994 2809 5061 solis,
2829 5005 2883 5051 et
2909 4991 3154 5057 Bubasti,
3187 4991 3241 5044 in
3280 4988 3464 5061 gladio

1870 5084 2088 5152 cadent,
2124 5091 2181 5140 et
2236 5084 2497 5142 mulieres
2554 5085 2608 5140 in
2658 5085 2974 5157 captivitate
2995 5083 3173 5149 ibunt,
3203 5080 3292 5136 18.
3322 5086 3377 5134 et
3404 5077 3460 5132 in

1870 5173 2154 5247 Tbabpbis
2182 5175 2602 5232 obtenebrescet
2619 5176 2759 5244 «lies,
2798 5177 3021 5247 quando
3047 5173 3355 5231 contrivero
3381 5170 3457 5227 ibi

1870 5277 2089 5337 sceptra
2113 5269 2267 5340 regni
2300 5267 2546 5342 AEgypti,
2589 5277 2645 5325 ct
2678 5268 2878 5341 peribit
2906 5268 2980 5323 ibi
3010 5266 3339 5325 contumelia
3367 5283 3457 5322 ro·

1869 5357 2022 5414 boris
2068 5359 2211 5431 ejus,
2251 5369 2307 5417 et
2352 5361 2495 5416 bane
2546 5360 2721 5416 nobes
2775 5359 3006 5430 operiet,
3057 5365 3115 5415 et
3167 5356 3289 5413 miae
3332 5356 3455 5428 ejus

1871 5450 2103 5522 captivae
2133 5451 2420 5509 ducentur.
2458 5451 2544 5508 19.
2567 5449 2634 5506 Et
2659 5450 2857 5508 faciam
2883 5448 3090 5522 iudicia
3111 5448 3165 5505 in
3189 5447 3451 5521 AEgypto,

283 5641 349 5709 (n)
375 5640 606 5715 AEgypti.
684 5646 759 5718 (ο)
799 5647 919 5715 Th..
953 5648 1191 5707 frenum.
1282 5653 1360 5724 (p)
1391 5653 1513 5716 Tli..
1541 5655 1594 5712 in
1632 5663 1777 5714 terra
1802 5655 2105 5714 nativitatis
2131 5674 2346 5716 eorum.
2423 5659 2499 5790 (q)
2532 5657 2614 5716 S..
2651 5675 2777 5716 cum
2802 5655 3142 5731 confugiunt,
3173 5664 3233 5714 ut
3261 5656 3446 5712 adba-

219 5721 350 5767 mant
372 5713 460 5770 eis.

221 5779 314 5839 lios
341 5796 482 5844 versu
526 5801 699 5859 usque

538 5716 608 5787 (r)
636 5716 719 5782 S..
741 5718 924 5775 colere
957 5718 1085 5776 iecit
1121 5724 1424 5781 exercitum
1471 5741 1633 5782 suum
1667 5741 1804 5812 opus
1844 5743 2102 5800 magnum
2144 5729 2195 5784 in
2226 5729 2393 5801 Tyro.

2493 5731 2541 5802 s)
2570 5729 2744 5787 Omne
2781 5739 2946 5803 caput
2974 5728 3240 5786 calvities.
3268 5728 3332 5798 (f)
3362 5724 3451 5784 Ab

743 5788 810 5848 ad
855 5787 990 5863 Cap.
1028 5789 1225 5861 xxxi,
1247 5793 1302 5864 7,
1328 5809 1517 5868 margo
1548 5796 1752 5859 codicis
1781 5813 1905 5858 cum
1939 5800 2200 5860 omnibus
2236 5816 2354 5861 suis
2375 5804 2521 5862 notis
2546 5801 2809 5873 praecisus
2839 5810 2944 5861 est.
