3967 6217
532 353 674 410 2725

1644 341 1872 400 CODEX
1913 337 1993 396 si·
2009 338 2117 392 Rlei
2127 335 2716 394 co-uExAt‘LAntS.
3694 341 3773 394 273:

532 485 700 542 snper
730 485 849 526 cam
876 468 1116 525 furorem
1150 479 1332 522 meum
1361 463 1422 518 in
1466 464 1588 534 igne
1617 461 1714 517 ira:
1729 474 1865 515 meae
1893 458 1959 518 ad
1979 469 2110 513 con·
2139 459 2183 516 A
2212 454 2301 510 20.
2336 453 2417 527 (d)
2468 464 2525 511 et
2563 464 2615 511 te
2670 452 3043 526 apposuisti
3100 461 3239 522 post
3308 451 3599 518 chaldaeos,
3638 468 3774 523 quorun

537 564 918 619 summandum
953 564 1022 630 3⁸(
1058 576 1154 617 eos
1190 559 1212 629 ζ
1237 578 1250 614 :
1279 559 1392 615 vias
1416 571 1606 614 eorum
1636 555 1690 610 in
1721 553 1897 623 capita
1922 565 2114 607 corum

440 709 453 717 ,
537 657 682 721 detli,
725 655 858 711 dicit
892 653 1160 710 Dominus
1199 651 1485 707 Dominus.

608 747 763 803 CAP.
797 745 1116 801 xxtll.-i.
1145 745 1212 800 Et
1232 742 1433 799 factum
1461 748 1544 798 est
1564 740 1788 796 verbnm
1811 733 2022 792 Domini
2048 731 2118 788 ad

2218 545 2360 602 sicut
2390 547 2671 604 asinorum
2708 560 2949 603 carnes
2983 557 3204 599 eorum
3230 584 3250 612 ,
3285 551 3343 598 et
3366 544 3592 599 verenda
3616 559 3775 614 munta

2216 639 2452 694 verenda
2481 654 2671 696 eorum
2700 656 2721 693 :
2754 636 2870 692 2¹.
2915 644 2982 693 et
3018 634 3281 692 visitasti
3316 634 3390 706 (e)
3422 634 3777 706 iniquitatate

2217 729 2490 787 lescentiae
2517 738 2645 796 ture,
2673 745 2821 803 quae
2858 729 3150 786 faciebas
3184 727 3244 784 in
3270 725 3513 799 AEgypto
3532 723 3593 797 (1)
3622 729 3667 782 in
3687 729 3775 784 dnn

537 854 647 897 me.
678 837 906 892 dicens:
958 833 1016 888 2.
1043 835 1144 890 Fili
1176 832 1436 898 hominis,
1496 830 1618 886 duae
1674 827 1931 884 mulieres
1959 828 2118 878 erant
2214 822 2368 878 sorio
2406 831 2523 889 tuo,
2556 827 2648 880 nbi
2682 824 2886 880 ubera
2940 819 3379 879 adolescentiae
3412 828 3513 874 tuae
3558 818 3777 875 cenidum

539 929 666 984 ntiae
695 928 885 984 matris
922 926 1087 982 unius
1108 966 1124 992 ,
1148 927 1201 981 5.
1238 935 1292 979 ct
1318 923 1596 979 fornicata:
1615 929 1742 976 sunt
1771 918 1828 972 in
1856 915 2115 986 AEgyptn,

537 1016 594 1071 in
628 1015 998 1073 adolescentia
1035 1030 1135 1070 sua
1165 1016 1232 1083 3⁵(
1261 1013 1540 1069 fornicata:
1592 1016 1721 1065 sunt
1753 1009 1774 1078 ζ
1803 1026 1817 1062 :
1844 1007 1917 1062 ibi
1973 1003 2118 1059 ceei-

537 1107 738 1164 dcrunt
768 1107 935 1164 ubera
959 1123 1175 1172 earum,
1200 1105 1275 1177 (p)
1311 1114 1366 1159 et
1389 1104 1462 1159 ibi
1492 1100 1844 1172 devirginatae
1872 1106 2120 1154 suntnu-

538 1200 704 1256 trices
734 1197 1109 1270 virginitatum
1132 1211 1355 1252 earum.
1390 1196 1446 1251 4.
1476 1191 1709 1248 Nomina
1730 1199 1910 1252 autem
1924 1202 2116 1243 earum

538 1289 712 1349 Obola
747 1291 954 1356 senior,
992 1297 1048 1344 et
1079 1287 1310 1345 Oltoliba
1331 1300 1490 1341 soror
1522 1284 1662 1355 ejus.
1695 1280 1763 1336 Et
1791 1279 1950 1336 factae
1988 1288 2117 1336 sunt

538 1380 695 1446 milti,
727 1388 781 1435 et
809 1386 1137 1450 pepererunt
1171 1375 1333 1441 filios,
1375 1381 1430 1428 et
1462 1372 1599 1427 lilias
1631 1387 1646 1425 ε
1688 1379 1743 1426 et
1774 1369 2000 1425 nomina
2025 1382 2118 1423 ea·

536 1482 687 1530 rum,
717 1465 964 1521 Samaria
1004 1463 1198 1529 Ohola,
1229 1472 1282 1518 et
1303 1460 1604 1517 Jerusalem
1660 1459 1913 1516 Oltoliba.
1966 1459 2021 1514 5.
2054 1454 2122 1511 Et

539 1556 809 1613 fornicata
839 1561 924 1609 cst
970 1551 1143 1609 (lhola
1193 1569 1226 1608 a
1287 1567 1396 1619 me,
1444 1551 1518 1623 (q)
1551 1560 1690 1607 etse
1717 1549 1972 1622 apposuit
1996 1554 2118 1618 post

540 1652 818 1701 amatores
841 1658 992 1707 snos,
1027 1653 1152 1714 post
1178 1642 1435 1714 Assyrios
1457 1641 1668 1697 vicinos
1693 1640 1743 1697 ei
1763 1680 1779 1706 ,
1807 1639 1862 1693 6.
1893 1636 2119 1694 indutos

539 1733 933 1808 hyacinthinis,
992 1734 1285 1805 principes,
1321 1743 1376 1789 et
1428 1732 1636 1789 duces:
1673 1732 1903 1802 juvenes
1934 1729 2115 1796 electi,

540 1839 735 1881 omnes
762 1824 974 1895 equites
1014 1823 1330 1895 equitantes
1378 1837 1545 1894 super
1583 1824 1759 1893 equis,
1790 1820 1845 1875 7.
1875 1821 1942 1875 Ει
1967 1819 2120 1876 dedit
2144 1792 2195 1854 Β

539 1915 956 1973 fornicationem
1014 1930 1171 1972 suam
1206 1930 1371 1987 super
1400 1928 1533 1970 eos:
1571 1913 1729 1970 electi
1752 1912 1845 1968 lilii
1867 1910 2122 1984 Assyrio-

541 2023 662 2065 rum
692 2024 904 2075 omnes,
940 2017 996 2064 et
1023 2023 1188 2079 super
1219 2022 1433 2074 omnes,
1492 2020 1662 2077 super
1692 2022 1833 2077 quos
1857 2020 1917 2062 se
1943 2006 2121 2075 impo-

543 2099 691 2156 suit:
722 2100 777 2155 in
812 2099 1071 2155 omnibus
1098 2098 1525 2170 cogitationibus
1569 2099 1642 2170 (r)
1696 2112 1886 2154 eorum
1910 2095 2120 2168 polluta

541 2191 686 2247 facta
713 2198 817 2246 est.
850 2190 901 2245 8.
938 2190 1006 2246 Et
1029 2181 1444 2247 fornicationem
1474 2205 1630 2248 suam
1656 2205 1723 2246 ex
1747 2189 1989 2261 AEgypto
2011 2203 2121 2243 non

542 2282 792 2355 reliquit;
824 2281 956 2354 quia
984 2298 1110 2340 cum
1134 2282 1251 2353 ipsa
1278 2281 1627 2338 dormiebant
1657 2281 1713 2336 in
1742 2280 2120 2337 adolescentia

541 2377 686 2449 ejus,
714 2383 769 2433 et
796 2376 899 2448 ipsi
923 2376 1334 2448 devirginarunt
1366 2375 1438 2447 (s)
1497 2391 1642 2441 eam,
1677 2383 1734 2431 et
1771 2373 2122 2429 effunderunt

544 2468 960 2526 fornicationem
992 2485 1147 2526 suam
1177 2484 1342 2540 super
1369 2483 1515 2524 eam.
1544 2470 1596 2526 9.
1625 2467 1852 2539 Propter
1880 2466 1987 2523 hoc
2010 2477 2123 2521 tra-

541 2559 654 2615 didi
688 2573 811 2614 eam
847 2559 902 2616 in
933 2573 1133 2614 manus
1165 2568 1472 2615 amatorum
1497 2559 1637 2629 ejus,
1670 2559 1725 2613 in
1754 2573 1952 2614 manus
1983 2556 2124 2613 sslio-

543 2665 667 2706 rum
702 2649 1079 2722 Assyriorum,
1107 2666 1272 2722 super
1298 2665 1415 2716 eos,
1441 2658 1565 2721 post
1599 2664 1741 2720 qnos
1760 2665 1820 2706 se
1848 2649 2120 2720 apposuit.

545 2739 753 2800 to.1sti
781 2752 1097 2798 retexerunt
1128 2742 1193 2813 (t)
1226 2741 1471 2812 pudenda
1510 2740 1652 2809 ejus,
1696 2739 1858 2807 tilios,
1893 2747 1949 2795 et
1988 2740 2126 2797 sslias

543 2833 666 2905 eJns
695 2840 1263 2897 sumserunt,eteam
1319 2833 1375 2886 in
1431 2831 1613 2903 gladio
1666 2831 2022 2887 occiderunt:
2072 2839 2162 2907 et,

544 2922 690 2979 facta
715 2932 800 2980 cst
831 2937 1016 2979 sermo
1041 2921 1095 2977 in
1122 2923 1404 2989 mulieres,
1436 2931 1492 2978 et
1520 2921 1783 2977 ultionem
1833 2922 1910 2994 (u)
1942 2921 2045 2978 feci
2070 2922 2124 2976 in

543 3027 609 3068 ea
639 3027 702 3072 -t-
731 3012 786 3068 in
818 3012 959 3069 filias
988 3011 1110 3084 ejus
1132 3011 1180 3083 ζ.
1214 3013 1301 3069 tt.
1332 3011 2125 3088 Etviditsoror-ejusoholiba,

2217 914 2309 969 29..
2341 913 2573 985 Propter
2606 916 2712 972 hoe
2735 912 3050 977 oholiba,
3090 912 3227 968 ltaec
3251 910 3398 967 dicit
3425 909 3781 966 nominatum-t

2220 1020 2365 1061 nus:
2422 1005 2561 1062 Ecce
2610 1021 2711 1076 ego
2734 1005 2994 1061 suscito
3044 1007 3355 1059 amatores
3414 1012 3538 1056 tuos
3567 1015 3702 1070 super
3722 1009 3797 1064 tet¹

2219 1097 2421 1169 quibus
2451 1098 2680 1154 recessit
2707 1099 2925 1154 anima
2962 1105 3074 1152 tna
3104 1096 3186 1151 ab
3222 1095 3317 1152 cis
3358 1109 3375 1148 :
3422 1101 3477 1149 et
3510 1091 3785 1148 adducamur

2220 1198 2463 1261 superte
2492 1191 2753 1261 undique,
2789 1191 2904 1247 23.
2985 1191 3157 1246 tilios
3212 1185 3544 1259 Babylonis,
3594 1193 3641 1239 et
3681 1200 3791 1238 omre

2218 1280 2526 1350 Chaldaeos,
2577 1281 2742 1350 Phut,
2798 1291 2869 1339 et
2922 1281 3089 1348 Sud,
3132 1289 3196 1338 ct
3254 1279 3398 1347 Coa,
3446 1283 3503 1333 ct
3535 1291 3697 1332 omnes
3714 1275 3767 1328 lili

2219 1373 2566 1446 Assyriorum
2595 1389 2721 1431 cum
2747 1375 2860 1441 eis,
2890 1374 3172 1445 juvenes
3197 1371 3443 1436 electos,
3468 1371 3700 1428 ducem:
3720 1383 3781 1432 pn

2221 1463 2414 1532 sectos,
2447 1479 2641 1520 omnes
2696 1465 2970 1532 triarios,
3037 1471 3107 1519 et
3173 1460 3531 1522 nominatos,
3580 1454 3778 1526 equinus

2221 1569 2385 1626 snper
2408 1556 2567 1626 equis
2595 1569 2810 1612 omnes.
2832 1554 2949 1610 24.
2991 1552 3271 1612 Venient
3297 1563 3475 1621 super
3497 1556 3549 1603 te
3573 1545 3636 1601 ab
3663 1545 3778 1612 allflst*

2221 1659 2311 1712 ne,
2334 1660 2555 1714 currus,
2581 1656 2637 1702 et
2666 1654 2802 1702 rotie
2823 1661 2977 1703 cum
3012 1642 3415 1702 multitudine
3463 1633 3773 1710 populerunt

2220 1737 2417 1809 clypei,
2445 1737 2627 1808 peltae:
2663 1746 2719 1793 et
2747 1738 2945 1794 mittet
2981 1735 3336 1794 custodiam
3368 1745 3537 1802 super
3574 1736 3619 1783 te
3640 1726 3773 1781 dreia

2222 1827 2391 1884 eirca.
2428 1828 2522 1885 25.
2550 1830 2783 1886 Etdabo
2816 1840 2963 1887 ante
3003 1829 3241 1886 faciem
3282 1838 3490 1883 eornm
3514 1819 3768 1894 judiciuin-⁶

2222 1919 2557 1976 ulciscentur
2585 1931 2641 1978 te
2672 1922 2727 1978 in
2749 1921 2991 1994 indiciis
3004 1922 3148 1980 suis
3166 1938 3186 1976 :
3221 1927 3287 1976 et
3318 1916 3472 1974 dabo
3493 1912 3653 1968 zelum
3674 1919 3765 1962 neti

2223 2012 2281 2068 in
2309 2022 2381 2080 te,
2414 2021 2472 2068 et
2499 2012 2703 2070 facient
2734 2023 2918 2070 tecum
2958 2014 3026 2070 in
3054 2014 3153 2070 ira
3172 2009 3428 2067 suroris.
3463 2003 3649 2060 Nasum
3672 2007 3763 2052 tum·

2222 2113 2275 2160 et
2310 2117 2473 2160 aures
2504 2113 2627 2161 tuas
2656 2104 2937 2173 auferent,
2998 2112 3067 2161 et
3129 2102 3411 2160 residuos
3460 2091 3647 2152 tuosin
3667 2086 3761 2161 3¹⁸5·

2223 2195 2525 2266 dejicient:
2551 2196 2641 2253 isti
2679 2196 2821 2254 filios
2853 2211 3015 2264 tuos,
3058 2203 3124 2253 et
3184 2193 3347 2251 illias
3380 2201 3509 2247 tuas
3554 2183 3759 2255 capiate

2220 2285 2474 2342 residuos
2506 2292 2632 2343 tuos
2669 2285 2746 2361 (9)
2776 2286 3094 2343 devorabit
3131 2282 3295 2358 ignis
3324 2300 3342 2337 ε
3370 2277 3463 2336 26.
3508 2284 3563 2332 et
3588 2279 3756 2327 exuenti

2223 2378 2468 2435 vestibus
2502 2379 2631 2448 tuis,
2663 2391 2717 2436 et
2739 2378 2962 2451 capient
3008 2395 3167 2436 vasa
3215 2370 3576 2451 gloriationis
3611 2375 3697 2422 ωε.
3713 2358 3752 2413 25,
3796 2401 3797 2408 κ

2226 2470 2392 2541 (Ιι)Ει
2420 2479 2660 2526 avertam
2680 2470 2997 2541 impietates
3028 2479 3175 2526 tuas
3200 2485 3235 2523 a
3272 2476 3349 2530 te,
3369 2473 3425 2519 et
3444 2453 3747 2517 fornicatione

2224 2569 2377 2616 tuam
2400 2560 2463 2632 (i)
2496 2561 2566 2617 de
2595 2569 2739 2617 terra
2761 2559 2985 2634 AEgypti
3014 2579 3035 2618 :
3090 2571 3157 2618 et
3207 2574 3332 2616 non
3390 2550 3618 2612 elevabis
3650 2541 3748 2600 oali·

2227 2661 2357 2709 tuos
2387 2667 2552 2724 super
2585 2667 2703 2721 eos,
2752 2661 2809 2709 et
2852 2651 3091 2725 AEgypti
3142 2667 3269 2708 non
3336 2640 3743 2704 recordationi*

2227 2743 2393 2814 plius.
2419 2742 2510 2798 28.
2538 2741 2677 2809 Quia
2718 2745 2832 2800 haec
2854 2742 2989 2800 dicit
3014 2743 3324 2800 Dominus
3375 2736 3650 2792 Dominus:
3679 2723 3743 2778 lm

2228 2847 2332 2904 ego
2357 2833 2516 2889 trado
2545 2842 2595 2888 te
2618 2832 2674 2888 in
2700 2827 2897 2890 manus
2948 2847 3195 2899 eorum,
3241 2843 3396 2903 quos
3459 2823 3577 2881 odio
3599 2816 3737 2874 habea

2227 2924 2433 2995 quihus
2467 2924 2693 2982 recessit
2719 2925 2903 2980 anima
2936 2935 3137 2982 vestra
3168 2924 3250 2981 ab
3276 2923 3387 2979 eis.
3414 2917 3504 3004 29.
3552 2912 3611 2970 Et
3634 2906 3736 2963 latit!

2226 3010 2284 3065 in
2313 3018 2367 3067 te
2388 3011 2442 3066 in
2467 3012 2616 3079 odio,
2647 3021 2703 3067 et
2726 3021 2944 3069 sument
2990 3027 3213 3070 omnes
3252 3009 3484 3068 labores
3530 2999 3731 3060 titos-vttl

544 3116 598 3162 et
617 3104 1287 3176 corrupitimpositionem
1314 3122 1470 3163 suam
1497 3106 1799 3180 plusquam
1816 3121 1902 3174 ea,
1933 3115 1983 3162 et
2019 3105 2128 3162 lor·
2155 3146 2199 3205 c
2227 3102 2514 3159 molestias
2545 3110 2664 3160 tuas
2695 3103 2720 3170 ζ
2745 3145 2762 3171 ,
2788 3110 2842 3159 et
2865 3103 2976 3159 eris
3004 3106 3194 3170 nuda,
3232 3111 3295 3161 et
3322 3087 3728 3172 ignominiaeplm

545 3199 873 3261 nicationem
905 3214 1060 3256 suam
1088 3200 1212 3272 plus
1242 3216 1406 3272 quam
1431 3199 1723 3257 fornicatio
1741 3200 1952 3257 sororis
1983 3214 2117 3256 suae.

2227 3201 2284 3251 et
2307 3194 2635 3251 revelabitur
2660 3195 2958 3265 ignominia
2983 3194 3404 3254 fornicationis
3436 3201 3552 3252 tuae,
3567 3183 3668 3255 (hlei
3683 3179 3755 3262 '‘⁰'st

544 3292 634 3348 ¹2.
668 3291 799 3349 Post
830 3292 971 3350 tilios
991 3293 1347 3366 Assyriorum
1378 3293 1732 3364 seapposuit,
1756 3291 2123 3363 principe5,et
2221 3287 2441 3358 pietatis
2463 3296 2571 3343 tuae
2594 3303 2609 3341 :
2632 3297 2684 3343 ct
2709 3285 2995 3343 fornicatio
3037 3299 3165 3345 tua.
3226 3286 3328 3343 30.
3392 3282 3520 3341 fecit
3552 3276 3641 3333 haec
3665 3263 3759 3322 iifl-²

543 3381 713 3440 duces
746 3385 956 3441 vicinos
981 3386 1055 3453 ei,
1088 3385 1311 3440 indutos
1352 3383 1430 3454 (x)
1476 3383 1867 3454 hyacinthinis,
1909 3383 2122 3454 equites
2223 3392 2349 3433 cum
2398 3382 2638 3431 scortata
2667 3389 2728 3432 es
2772 3384 2898 3446 post
2937 3384 3155 3446 gentes,
3189 3384 3252 3432 et
3281 3373 3498 3446 polluta
3533 3362 3722 3422 edwi*
3756 3357 3765 3380 ¹

544 3474 852 3545 equitantes
874 3490 1042 3544 super
1060 3489 1271 3546 equos:
1310 3472 1682 3533 adolescentes
1719 3474 1875 3529 electi
1906 3487 2122 3530 omnes·

547 3567 634 3622 15.
675 3564 741 3619 Et
763 3564 893 3630 vidi,
927 3566 1072 3634 qnod
1120 3565 1341 3634 pollutae
1392 3573 1597 3629 essent,
1666 3564 1754 3620 via
1796 3579 1903 3618 una
1943 3564 2128 3617 amba·

548 3672 670 3713 rum
698 3672 712 3708 :
740 3655 825 3710 14.
850 3665 910 3711 et
936 3656 1138 3725 adjecit
1159 3656 1224 3711 ad
1254 3656 1880 3724 fornicationemsuam,
1910 3663 1966 3711 et
1993 3655 2130 3710 vidit

547 3749 696 3808 viros
721 3746 968 3817 depictos
996 3762 1157 3817 super
1185 3749 1415 3819 pariete,
1450 3747 1716 3818 imagines
1744 3748 2127 3803 Chaldaeorum

546 3839 793 3910 depictos
826 3838 902 3910 (y)
927 3838 980 3893 in
1007 3838 1169 3909 stylo,
1213 3839 1302 3894 15.
1336 3837 1614 3894 accinctos
1645 3837 1939 3910 variegatis
1964 3852 2131 3908 super

550 3932 766 3988 lumbos
799 3911 952 3998 suos’,
985 3930 1058 4004 (z)
1092 3939 1146 3987 et
1179 3931 1308 4003 pilei
1341 3929 1494 3987 tincti
1520 3945 1685 4003 super
1724 3930 1998 4002 capitibus
2037 3945 2132 3987 co·

549 4038 694 4090 rum,
730 4023 806 4097 (a)
833 4022 1000 4081 facies
1034 4023 1223 4096 triplex
1246 4023 1525 4089 omnium,
1557 4023 1857 4080 similitudo
1895 4023 2130 4079 liliorum

550 4109 862 4183 Babylonis,
891 4121 1048 4168 terrae
1069 4112 1473 4180 Chaldaeorum,
1508 4114 1747 4185 regionis
1784 4113 1926 4184 ejus».
1948 4113 2036 4169 16.
2068 4113 2135 4171 Et

550 4217 610 4259 se
635 4206 817 4274 posuit
855 4215 979 4276 post
1006 4220 1102 4261 eos
1131 4207 1185 4261 in
1220 4205 1482 4280 adspectu
1532 4208 1818 4264 oculorum
1861 4222 2129 4264 suornm:

549 4302 604 4349 et
629 4296 776 4352 misit
791 4295 1097 4352 nuntios'ad
1116 4311 1212 4351 eos
1233 4294 1510 4351 interram
1527 4294 1933 4352 Chaldaeorum.
1958 4298 1984 4351 1
1998 4297 2047 4352 7.
2068 4297 2137 4352 Et

552 4395 815 4441 venerunt
846 4384 915 4439 ad
947 4397 1068 4438 eam
1124 4382 1222 4437 tilii
1252 4382 1571 4455 Babylonis,
1609 4383 1676 4439 ad
1707 4383 1891 4440 cubile
1949 4386 2135 4441 diver-

2223 3467 2525 3524 tationibus
2550 3483 2759 3524 earum.
2797 3468 2888 3523 st.
2925 3466 2985 3522 ln
3013 3469 3098 3523 via
3133 3466 3368 3526 sororis
3396 3474 3501 3520 tua:
3520 3443 3711 3544 ambulas&

2226 3567 2282 3613 et
2309 3556 2452 3614 dabo
2478 3558 2705 3614 calicem
2734 3559 2854 3629 ejus
2884 3560 2940 3616 in
2970 3575 3179 3618 manus
3214 3570 3375 3617 tuas·
3416 3556 3507 3614 32.
3546 3539 3709 3606 flat&

2228 3647 2495 3705 Dominus
2517 3646 2824 3709 Dominus:
2856 3651 3096 3708 Calicem
3156 3651 3383 3710 sororis
3438 3655 3541 3702 tua:
3560 3625 3697 3695 bibam

2227 3739 2582 3809 profundum,
2612 3744 2667 3796 e't
2716 3740 2913 3807 latum,
2948 3743 3018 3812 >K
3044 3754 3097 3800 et
3139 3743 3252 3801 erit
3303 3743 3365 3798 in
3408 3729 3688 3797 derisunss

2230 3828 2530 3884 ludibrium
2566 3829 2614 3899 ζ,
2649 3828 3021 3888 abundantem
3056 3831 3546 3904 adeomplendutn
3581 3817 3672 3873 *θ’

2232 3929 2364 3987 tem,
2385 3921 2473 3977 aa.
2491 3929 2548 3976 et
2568 3919 2931 3978 dissolutione
2952 3925 3292 3996 repleberis:
3315 3921 3544 3979 calicem
3560 3908 3683 3980 Ἀῶ·

2233 4016 2519 4088 ptionis,et
2539 4015 2560 4087 ζ
2580 4014 2754 4081 exitii,
2771 4015 2996 4074 calicem
3012 4021 3226 4076 sororis
3241 4029 3358 4076 tnae
3373 3990 3697 4071 Samariam

2234 4108 2388 4165 bibes
2411 4123 2559 4175 eum,
2581 4109 2649 4177 Χ
2670 4107 3011 4176 etexprimes
3030 4125 3155 4165 eum
3190 4111 3245 4181 ζ,
3279 4109 3378 4182 (m)
3404 4118 3460 4163 ct
3479 4090 3702 4172 festum}

2234 4209 2289 4255 et
2305 4198 2581 4257 novilunia
2599 4197 2724 4268 ejus
2738 4205 3011 4265 avertam:
3030 4198 3157 4268 quia
3177 4213 3286 4270 ego
3307 4199 3519 4253 locutus
3532 4171 3702 4244 sums&

2235 4292 2448 4349 Adonai
2471 4290 2755 4348 Dominus.⁸
2775 4290 2866 4346 55.
2896 4287 3127 4360 Propter
3156 4290 3265 4348 boc
3299 4290 3419 4346 hoec
3448 4281 3568 4342 dicit
3585 4267 3707 4362 ΜΨ

2241 4380 2535 4438 Dominus:
2558 4379 2669 4437 Pro
2683 4396 2751 4436 eo
2765 4379 2909 4451 quod
2936 4377 3106 4435 oblita
3131 4393 3190 4435 es
3210 4381 3341 4448 mei,
3376 4355 3709 4445 etprqiecismt¹

553 4475 802 4538 tentium,
826 4483 880 4531 et
906 4470 1220 4543 polluebant
1251 4487 1376 4527 eam
1408 4473 1465 4528 in
1495 4470 1859 4530 fornicatione
1891 4476 2032 4546 ejus,
2055 4476 2128 4547 (b)
2160 4496 2207 4552 ῃ
2241 4481 2364 4542 post
2395 4485 2594 4538 eorpus
2621 4480 2794 4540 tuum,
2820 4482 2876 4527 et
2904 4479 2962 4527 tu
2986 4471 3063 4543 (n)
3087 4455 3708 4543 accipeimpietotcmwss·

552 4574 607 4619 et
635 4563 839 4633 polluta
872 4570 958 4619 est
983 4563 1036 4616 in
1066 4562 1167 4625 eis,
1199 4570 1256 4616 et
1297 4561 1526 4618 recessit
1551 4563 1733 4620 anima
1758 4566 1883 4636 eius
1903 4569 1973 4623 ab
2000 4563 2125 4621 illis.

555 4653 643 4711 ¹8.
677 4651 743 4707 Et
770 4653 965 4709 retexit
991 4653 1401 4711 fornicationem
1424 4669 1605 4721 suam,
1646 4665 1701 4712 et
1728 4659 1928 4713 retexit
1957 4658 2131 4729 pudo·

555 4762 692 4803 rem.
728 4742 794 4801 Et
827 4744 1054 4802 recessit
1081 4744 1261 4800 anima
1293 4759 1413 4802 mea
1442 4745 1513 4801 ab
1542 4761 1630 4812 ea,
1663 4749 2128 4818 quemadmodum

556 4836 985 4895 recessitanima
1020 4852 1140 4894 mea
1173 4851 1206 4892 a
1229 4851 1416 4895 sorore
1450 4838 1592 4909 ejus.
1625 4837 1716 4894 19.
1758 4840 1825 4896 Et
1864 4838 2133 4908 multipli-

557 4931 691 4987 casti
722 4928 1134 4986 fornicationem
1164 4938 1335 4992 tuam,
1377 4930 1449 4999 (e)
1479 4929 1548 4985 ad
1581 4928 1982 4985 recordandum
2012 4929 2130 4984 dies

557 5019 937 5079 adolescentiae
960 5027 1089 5086 tute,
1117 5020 1172 5074 in
1201 5018 1399 5090 quibus
1417 5018 1754 5075 fornicataes
1775 5018 1831 5073 in
1857 5014 2131 5091 AEgypto:

630 5121 706 5205 (pl
741 5130 827 5196 8.,
861 5140 915 5189 et
942 5129 1015 5187 ibi
1049 5130 1421 5187 adoleverunt.
1498 5128 1573 5198 (q)
1612 5128 1698 5197 S.,
1722 5138 1777 5186 et
1807 5144 1867 5185 se
1886 5129 2098 5190 effudit.
2176 5135 2246 5210 (r)
2279 5133 2431 5204 Eius.
2522 5133 2542 5200 (

2236 4570 2293 4618 et
2330 4559 2748 4617 fornicationem
2801 4575 2977 4621 tuam.
3036 4562 3126 4620 so.
3180 4563 3247 4618 nt
3284 4563 3422 4620 dixit
3461 4527 3712 4613 nonnaml

2239 4667 2329 4709 ¹¹¹0
2353 4668 2367 4704 ²
2399 4650 2503 4706 5¹¹¹
2525 4652 2784 4720 Ῑῑθωίῐῑὶδ,
2810 4657 2885 4727 (ο)
2916 4657 2964 4713 si
2985 4656 3261 4728 judicabis
3290 4655 3511 4714 Obolam
3539 4625 3711 4699 ctulnlt·
3758 4637 3759 4640 ¹

2240 4738 2391 4803 bam,
2433 4747 2489 4794 et
2545 4743 2894 4800 annuntiabis
2943 4745 3025 4802 cis
3074 4746 3391 4817 iniquitates
3441 4739 3637 4798 earum}
3666 4709 3714 4766 ⁵⁷·

2241 4828 2370 4901 quia
2403 4830 2845 4901 moecbabantur,
2876 4844 2934 4890 et
2956 4837 3184 4908 sanguis
3219 4837 3274 4893 in
3316 4830 3551 4892 manibus
3577 4817 3710 4904 earu?-

2238 4923 2313 4997 (ρ)
2343 4931 2399 4980 et
2445 4922 2795 4996 cogitationes
2847 4941 3035 4982 earnm
3095 4929 3516 4985 moechabantur.
3558 4917 3605 4969 et
3634 4901 3717 4956 ⁶¹⁸⁰*

2238 5032 2395 5085 ⁸⁰0⁸,
2429 5031 2571 5090 quos
2590 5028 2925 5090 pepererunt
2940 5020 3097 5086 mihi,
3116 5020 3466 5079 traducebant
3482 5022 3562 5085 ver
3579 4997 3710 5072 ΨΜ·

2620 5129 2707 5198 8.,
2748 5131 2873 5199 Tb..
2900 5132 3147 5204 virgines
3166 5135 3311 5206 ejus.
3423 5129 3482 5204 (ι)
3503 5113 3714 5182 pudorem·

559 5205 617 5272 (κ
674 5204 958 5260 Fecerunt·
1035 5201 1113 5272 (Ξ)
1152 5200 1237 5266 S„
1296 5201 1636 5270 compositis.
1715 5199 1792 5272 (y)
1824 5198 1910 5268 8.,
1965 5201 2022 5259 in
2079 5207 2377 5264 coloribus.
2460 5130 2642 5274 (ng,
2693 5204 2960 5261 velamen.
3006 5203 3126 5272 ²¹12..
3174 5216 3231 5263 et
3269 5207 3470 5264 cidares
3496 5185 3705 5254 inclinis?
3768 5157 3783 5268 ί,

583 5209 641 5340 αἶ
679 5274 762 5341 8.,
826 5273 1118 5343 adspectus
1156 5282 1432 5329 ternorum
1468 5279 1759 5327 staterum.

1890 5270 1964 5345 (ὓ)
2004 5273 2088 5342 S.,
2120 5287 2177 5335 et
2205 5276 2459 5345 decerpta
2494 5282 2596 5329 cst.

2726 5273 2795 5346 (⁶)
2825 5273 2910 5342 Su
2945 5291 3044 5347 1³0¹·
3088 5275 3144 5331 id
3203 5278 3349 5366 quod
3395 5255 3709 5330 rceerdtlflffl·
3780 5301 3797 5324 ,1

581 5341 639 5410 ά)
670 5343 755 5409 8.,
788 5352 843 5399 et
867 5353 917 5399 te
936 5343 1252 5402 effundebas
1277 5340 1343 5397 ad
1371 5355 1537 5411 opera
1565 5356 1779 5397 eornm.
1812 5338 1934 5406 Th..
1963 5354 2019 5400 et
2054 5347 2346 5404 subsiliisti
2378 5357 2544 5414 super
2572 5342 2776 5400 electos
2805 5359 3020 5401 eorum.
3097 5345 3167 5418 (e)
3188 5349 3278 5413 8.,
3315 5325 3712 5404 abotninutiwffl‘
3772 5333 3779 5414 <J

587 5413 630 5482 0
660 5412 747 5476 S..
775 5418 1230 5487 quandocumque
1247 5409 1582 5469 adoleverint
1604 5412 1672 5469 de
1699 5411 1937 5537 AEggpto
1975 5417 2223 5475 nutrices
2250 5425 2376 5472 tttae.
2476 5411 2552 5483 (9)
2589 5411 2929 5470 Consument
2958 5416 3013 5472 in
3046 5415 3193 5488 igne.
3269 5411 3460 5488 (1ι)8..
3489 5414 3537 5464 et
3557 5389 3709 5456 ww*

586 5484 757 5538 aciam
803 5485 1262 5541 abominationem
1311 5491 1460 5540 tuam
1498 5498 1529 5538 a
1561 5491 1631 5539 te.
1710 5485 1771 5554 (ἰ)

1914 5499 2057 5554 eam,
2087 5503 2212 5560 quae
2233 5486 2303 5541 de
2330 5495 2494 5539 terra.
2573 5479 2646 5550 (k)
2674 5480 2754 5546 S.,
2783 5489 2838 5538 et
2876 5485 3211 5544 abominatio
3264 5496 3377 5552 tua,
3409 5491 3463 5542 et
3507 5465 3643 5532 fornic

3645 5450 3714 5511 atil·

565 5563 656 5608 tua
684 5571 699 5606 :
727 5565 888 5609 erunt
924 5557 1037 5611 baec
1070 5557 1186 5612 tibi.
1267 5555 1327 5626 (l)
1361 5555 1446 5621 S.,
1475 5551 1766 5626 profunda,
1789 5563 1845 5610 et
1868 5555 2134 5624 spatiosa,
2172 5556 2285 5613 eris
2320 5553 2377 5608 in
2409 5553 2604 5614 risum,
2634 5553 2762 5606 etin
2788 5567 3117 5620 sermonem,
3146 5571 3269 5628 quae
3299 5555 3502 5613 multos
3517 5534 3712 5602 mnam

567 5620 858 5690 Ebrietate,
889 5633 944 5680 et
977 5641 1083 5681 non
1135 5628 1417 5683 curatione
1450 5625 1765 5697 repleberis.

566 5694 736 5763 loliis:
794 5696 921 5766 qnia
979 5710 1080 5764 ego
1137 5697 1351 5755 locutus
1382 5713 1524 5756 sunt.

564 5779 664 5821 sua
702 5767 1132 5826 moecbabantur.

1874 5624 1970 5695 (uit)
2000 5625 2087 5692 S.,
2124 5636 2181 5684 et
2219 5634 2390 5680 testas
2412 5623 2533 5693 ejus
2571 5622 2843 5691 comedes,
2867 5625 3011 5682 sient
3032 5642 3181 5696 ossa,
3208 5637 3265 5686 et
3294 5627 3464 5685 ubera
3505 5625 3578 5672 tua
3612 5599 3713 5664 ὄψ’·

1630 5697 1708 5771 (ιι)
1741 5695 1825 5762 S.,
1860 5703 2017 5767 porta
2054 5693 2518 5757 abominationem
2542 5699 2725 5772 tuam..

2817 5697 2894 5768 (ο)
2921 5695 3130 5758 Nonne.
3243 5697 3319 5771 (μ)
3348 5694 3433 5774 8.,
3470 5698 3518 5751 et
3540 5677 3593 5742 td
3623 5661 3719 5729 Ἄθω
