3967 6217
215 329 316 394 327
328 325 351 391 l

1319 325 1619 385 CONTRA
1654 320 2026 384 HAERESES
2064 320 2209 379 LIB.
2247 320 2348 381 vt.

3335 310 3475 375 3272

212 456 403 509 ναμιν.
455 439 565 493 Καὶ
606 436 781 501 οὕτως
822 436 854 490 ό
902 435 1012 490 τῶν
1059 433 1202 489 ἑπτὰ
1250 433 1353 507 τὴν
1398 434 1508 491 τῶν
1560 434 1706 488 όκτὼ
1734 433 1782 465 ⁸⁸
1808 436 1851 494 A
1885 445 2006 487 rttm
2043 441 2234 486 nactus
2276 436 2360 485 est
2393 422 2739 498 potestatem,
2776 436 2832 483 et
2865 426 2990 482 sacti
3029 435 3151 482 sunt
3212 433 3323 480 tres
3368 426 3470 479 lori

214 528 511 598 ἐκομίσατο
561 525 822 599 δύναμιν,
876 527 973 582 καὶ
1022 525 1272 594 ἐγένοντο
1323 525 1373 579 οἰ
1427 528 1582 597 τρεῖς
1631 526 1788 580 τόποι

212 618 391 690 ὅμοιοι
428 621 541 682 τοῖς
570 617 861 690 ἀριθμοῖς,
907 616 1159 684 όγδοάδες
1207 615 1380 680 ὄντες·
1414 617 1606 679 οἵτινες
1638 619 1789 688 τρεῖς

214 712 303 782 ἐφ’
353 710 583 772 ἑαυτοὺς
628 709 673 741 ⁸⁷
728 708 971 772 ἐλθόντες
1023 706 1114 771 τὸν
1169 705 1279 760 τῶν
1334 706 1789 779 εἰκοσιτεσσάρων

221 800 505 867 ἀνέδειξαν
522 800 566 832 ⁸⁸
585 796 927 870 ἀριθμόν.Τὰ
953 796 1277 869 μέντοιτρία
1306 798 1566 867 στοιχεῖα,
1592 794 1696 867 ([ἆ]
1722 796 1788 830 ‘⁸‘

216 890 295 963 [p.
343 889 468 947 209.
496 887 651 960 2¹0]
684 905 848 959 φησιν
870 886 1033 951 αὐτὸς
1047 885 1093 919 ⁸⁸
1123 885 1232 941 τῶν
1262 886 1432 958 τριῶν
1463 887 1518 938 ὲν
1562 884 1792 956 συζυγίᾳ

213 983 498 1054 δυνάμεων
532 980 822 1052 ὑπάρχειν,
858 977 895 1034 ὅ.
929 980 1078 1033 ἐστιν
1117 977 1199 1045 ἒξ,
1235 978 1329 1048 ἀφ’
1363 971 1438 1032 ὧν
1468 977 1721 1048 ἀπερρύη
1746 977 1789 1009 ⁸⁸

212 1073 284 1129 τὰ
315 1072 735 1143 εἰκοσιτέσσαρα
767 1068 1082 1141 στοιχεῖα),
1110 1067 1684 1140 τετραπλασιασθέντα
1716 1066 1793 1138 τῷ

212 1163 310 1233 τῆς
343 1163 584 1234 ἀρρήτου
622 1159 878 1230 τετράδος
922 1157 1066 1230 λόγῳ
1097 1158 1143 1190 ⁸¹
1183 1157 1274 1212 τὸν
1312 1159 1475 1212 αὐτὸν
1523 1158 1711 1222 αὐτοῖς
1745 1158 1791 1189 ⁸²

215 1252 448 1325 ἀριθμὸν
502 1255 682 1314 ποιεῖ,
742 1251 882 1320 ἅπερ
947 1251 1080 1320 φησί
1131 1249 1226 1304 τοῦ
1299 1250 1697 1320 Ἀνονομάστου
1746 1250 1793 1284 ⁸⁸

218 1344 502 1415 ὑπάρχειν.
542 1341 829 1413 Φορείσθαι
861 1342 917 1395 δὲ
949 1341 1089 1396 αὐτὰ
1122 1341 1226 1396 ὑπὸ
1258 1339 1364 1396 τῶν
1412 1341 1473 1407 ἒξ
1509 1341 1793 1412 δυνάμεων

216 1435 298 1497 εἰς
334 1433 626 1504 ὁμοιότητα
678 1430 770 1484 τοῦ
824 1429 1077 1502 ’Δοράτου
1102 1429 1149 1461 ⁸⁸
1172 1472 1186 1497 ,
1219 1424 1294 1485 ὧν
1336 1431 1614 1501 στοιχείων
1649 1430 1794 1485 εἰκό-

214 1541 313 1588 νας
339 1523 385 1556 ⁸⁸
415 1523 641 1578 εἰκόνων
671 1522 718 1555 ⁸⁸
750 1522 761 1592 Ι
792 1521 852 1588 ἓξ
879 1521 1045 1576 διπλᾶ
1087 1521 1391 1596 γράμματα
1426 1523 1694 1593 ὑπάρχειν
1713 1563 1728 1589 ,
1756 1522 1794 1577 ἃ

215 1616 695 1689 συναριθμοὺμενα
743 1618 858 1681 τοῖς
904 1615 1350 1688 εἰκοσιτέσσαρσι
1387 1615 1673 1685 στοιχείοις
1703 1615 1796 1670 δυ-

215 1710 376 1780 νάμει
403 1711 470 1781 τῇ
501 1709 546 1743 ⁸⁸
589 1707 733 1763 κατὰ
762 1706 1048 1777 ἀνολογίαν
1082 1706 1175 1760 τὸν
1204 1706 1313 1762 τῶν
1342 1706 1639 1780 τριάκοντα
1670 1723 1791 1761 ποι-

215 1802 355 1854 εῖται
381 1799 638 1871 ἀριθμόν.

288 1890 396 1963 μζ.
429 1890 631 1946 Τούτου
665 1888 759 1945 τοῦ
788 1889 947 1959 λόγου
985 1892 1081 1947 καὶ
1116 1890 1218 1963 τῆς
1248 1889 1562 1961 οἰκονομίας
1590 1890 1638 1923 ⁸⁸
1665 1889 1795 1944 ταύ-

216 2000 315 2055 της
354 1982 566 2055 καρπόν
614 1999 779 2054 φησιν
817 1984 873 2035 ἐν
906 1984 1214 2054 ὁμοιώματι
1241 1982 1448 2045 εἰκόνος
1492 1979 1791 2053 πεφηνέναι

215 2073 554 2148 ἐκεῖνονντδν
587 2074 725 2144 μετὰ
752 2072 853 2136 τὰς
884 2073 943 2141 ’ἐξ
984 2075 1199 2147 ἡμέρας
1229 2073 1487 2144 τέταρτον
1517 2073 1792 2128 ἀναδάντα

214 2164 295 2227 εἰς
324 2163 384 2217 τδ
416 2162 540 2235 ὅρος
572 2161 639 2226 ⁸⁸,
685 2162 777 2216 καὶ
807 2163 1099 2234 γενόμενον
1124 2164 1282 2218 ἕκτον
1305 2204 1320 2228 ,
1350 2164 1442 2218 τὸν
1475 2164 1794 2220 καταὸάντα

216 2256 311 2310 καί
348 2245 693 2326 κρατηθέντα
726 2257 784 2308 εν
817 2258 884 2328 τῇ
921 2254 1210 2326 ἑδδομάδι,
1248 2257 1518 2328 ἐπίσημον
1565 2255 1794 2325 όγδοάδα

215 2345 529 2417 ὑπάρχοντα
558 2346 654 2401 καὶ
682 2345 874 2417 ἔχοντα
903 2348 960 2400 ἐν
987 2347 1165 2420 ἐαυτῷ
1195 2346 1286 2402 τὸν
1316 2347 1548 2420 ἀριθμὸν
1576 2347 1793 2401 ἅπαντα

213 2437 322 2492 τῶν
358 2436 653 2507 στοιχείων,
694 2437 754 2490 ὃν
793 2437 1161 2510 ἐφανέρωσεν,
1205 2439 1449 2502 ἐλθόντος
1489 2438 1654 2493 αὐτοῦ
1701 2439 1794 2492 ὲπί

211 2526 272 2580 τὸ
293 2526 597 2600 βάπτισμα,
641 2530 674 2599 ἡ
717 2528 816 2600 τῆς
852 2531 1184 2601 περιστερᾶς
1217 2528 1463 2595 κάθοδος,
1493 2530 1615 2601 ἣτις
1645 2531 1794 2585 ἐστὶν

209 2634 256 2670 ω
309 2616 407 2671 καὶ
436 2617 482 2650 ⁸⁸
512 2617 678 2686 ἄλφα,
712 2617 780 2672 δι’
812 2616 1052 2689 ἀριθμοῦ
1095 2619 1428 2690 δηλουμένου
1457 2619 1794 2673 ὀκτακοσίων

211 2709 351 2772 ἰνὸς,
384 2710 479 2763 καὶ
503 2709 589 2763 διὰ
616 2710 777 2764 τοῦτο
808 2711 1018 2765 Μωσὲα
1051 2714 1109 2764 ὲν
1138 2714 1205 2783 τῇ
1233 2711 1366 2783 ἕκτῃ
1395 2711 1581 2783 ἡμέρᾳ
1612 2711 1794 2780 λέγειν

208 2801 302 2855 τὸν
326 2801 608 2874 ἄνθρωπον
628 2803 933 2872 γεγονέναι.
965 2804 1078 2858 Καὶ
1096 2802 1196 2875 τὴν
1222 2803 1538 2873 οἰκονομίαν
1562 2801 1637 2874 [ρ.
1662 2801 1790 2858 2¹0.

208 2889 363 2964 ath]
395 2892 453 2947 δὲ
485 2892 579 2946 τοῦ
624 2892 835 2957 πάθους
876 2894 935 2947 ὲν
963 2896 1030 2965 τῇ
1054 2893 1191 2965 ἕκτῃ
1232 2894 1342 2947 τῶν
1365 2894 1587 2965 ἡμερῶν
1608 2934 1624 2957 ,
1671 2895 1793 2965 ἥτις

208 2982 358 3038 ἐστὶν
399 2986 433 3055 ἡ
486 2985 808 3057 παρασκευὴ
827 2985 895 3050 ⁸⁸,
948 2986 1041 3038 τὸν
1096 2984 1327 3056 ἔσχατον
1369 2985 1657 3057 ἄνθρωπον
1711 2987 1792 3049 εἰς

209 3075 572 3145 ἁναγέννησιν
593 3073 688 3130 τοῦ
714 3074 934 3148 πρώτου
969 3075 1260 3148 ἀνθρώπου
1291 3078 1611 3148 πεφηνέναι.
1642 3076 1787 3130 Ταό-

1891 523 1965 578 illi
1998 523 2239 593 aequales
2280 520 2548 586 numeris,
2573 528 2761 590 utpote
2792 517 3087 588 ogdoades,
3115 517 3207 588 qui
3253 517 3473 585 quidem

1890 625 2003 671 tres
2032 615 2136 670 sibi
2172 613 2339 668 additi
2369 612 2559 685 viginti
2608 620 2841 685 quatuor
2882 611 3092 665 illarum
3126 610 3478 664 ostenderunt

1890 721 2197 762 numerum.
2261 704 2389 759 Tria
2446 713 2627 759 autem
2688 702 2955 758 elementa
2997 697 3475 772 316-317ἱ11ο

1891 797 2035 866 (quae
2059 795 2176 864 ipse
2205 794 2334 848 dicit
2366 807 2490 849 esse
2521 802 2800 848 ternarum
2849 792 2901 845 in
2956 789 3338 858 conjugatione
3382 803 3478 857 po-

1893 895 2169 951 testatum,
2217 894 2488 956 quaesunt
2540 898 2662 950 sex,
2724 886 2868 938 unde
2926 889 3252 936 emanarunt
3286 879 3473 949 viginti

1896 990 2138 1049 quatuor
2163 976 2455 1039 elementa)
2501 974 2909 1046 quadruplicata
2945 970 3232 1026 ineffabilis
3262 980 3478 1039 quater-

1895 1069 2072 1124 n'tonis
2092 1076 2346 1137 computo
2369 1067 2618 1120 eumdem
2643 1073 2806 1132 atque
2827 1062 2915 1118 itta
2938 1075 3222 1114 numerum
3244 1057 3472 1121 faciunt,

1893 1174 2011 1228 ηοω
2049 1172 2170 1213 esse
2209 1158 2286 1212 ait
2320 1154 2669 1211 lnnominati.
2707 1153 2859 1208 Ferri
2916 1162 3095 1207 antem
3165 1148 3255 1202 illa
3307 1162 3335 1200 a
3383 1162 3476 1201 sex

1895 1247 2255 1316 potestatibus
2295 1247 2349 1302 in
2399 1245 2809 1301 similitudinem
2872 1240 3192 1304 invisibilis,
3244 1252 3477 1307 qnorum

1893 1341 2278 1394 elementorum
2307 1321 2571 1408 imagines
2623 1335 2918 1406 imaginum
2955 1349 3048 1387 sex
3098 1331 3335 1402 duplices
3385 1330 3479 1384 lit-

1897 1440 2042 1485 teras
2075 1430 2359 1495 exsistere,
2408 1444 2530 1499 ηοω
2579 1428 2949 1482 adnumerata}
3002 1425 3187 1494 viginti
3247 1432 3479 1493 quatuor

1893 1516 2176 1571 elementis
2206 1532 2270 1571 ex
2314 1525 2582 1586 potestate
2639 1515 2867 1586 analoga
2930 1528 3218 1569 numerum
3253 1513 3479 1566 trie-ena·

1894 1604 2034 1660 rium
2058 1602 2313 1661 efficiunt.

1967 1892 2059 1948 17.
2098 1892 2274 1964 llnjns
2305 1892 2543 1961 computi
2583 1892 2855 1961 hujusque
2895 1890 3314 1961 dispensationis
3363 1890 3475 1945 sru-

1896 1992 2043 2039 ctum
2078 1984 2153 2037 ait
2180 1985 2230 2036 in
2260 1983 2614 2038 similitudine
2667 1984 2920 2054 imaginis
2960 1981 3272 2050 apparuisse
3302 1981 3473 2050 illum,

1896 2075 1987 2146 qui
2019 2085 2139 2144 post
2171 2090 2263 2128 sex
2298 2073 2414 2128 dies
2462 2083 2695 2143 quartus
2729 2073 2842 2139 ipse
2885 2071 3190 2126 ascenderit
3226 2071 3278 2124 in
3326 2086 3477 2127 mon·-

1898 2176 2002 2222 tem
2030 2166 2281 2220 etractus
2327 2168 2397 2220 sit
2426 2174 2633 2231 sextus,
2680 2166 2772 2234 qui
2821 2164 3164 2220 descenderit
3201 2174 3254 2218 et
3283 2165 3474 2217 deten-

1894 2268 1982 2313 tus
2004 2259 2071 2313 sit
2105 2257 2157 2312 in
2189 2257 2548 2322 hebdomade,
2578 2272 2697 2311 eum
2728 2266 2871 2312 esset
2909 2255 3135 2325 insignis
3179 2256 3380 2325 ogdoas
3418 2262 3474 2307 et

1895 2349 1947 2403 in
1979 2363 2039 2402 se
2077 2347 2304 2403 liaberet
2356 2348 2671 2402 universum
2726 2361 3012 2401 numerum
3057 2345 3471 2409 elementorum,
3527 2380 3537 2390 .

1894 2456 2053 2512 quem
2089 2439 2543 2505 manifestaverit,
2571 2454 2692 2494 cum
2739 2440 2804 2493 ad
2836 2438 3160 2507 baptismum
3216 2436 3473 2498 venisset,

1896 2532 2155 2589 columbae
2189 2533 2502 2596 descensus,
2532 2548 2653 2603 ηοω
2675 2532 2742 2586 sit
2775 2538 2831 2586 ω’
2861 2541 2912 2585 et
2942 2529 3015 2597 α’,
3048 2545 3143 2598 per
3167 2544 3472 2592 nnmerum,

1892 2623 1987 2693 qui
2011 2624 2315 2678 ostenditur
2341 2622 2466 2686 801,
2515 2632 2569 2676 et
2617 2630 2903 2691 propterea
2937 2620 3138 2675 Mosem
3193 2618 3375 2673 dicere
3418 2616 3473 2670 in

1894 2724 2050 2771 sexto
2071 2715 2158 2770 die
2187 2713 2461 2768 bominem
2502 2713 2709 2776 sactum
2748 2727 2889 2767 esse.
2921 2708 2987 2764 Et
3017 2710 3471 2779 dispensationem

1891 2821 2024 2862 vero
2081 2806 2349 2876 passionis
2400 2806 2452 2859 in
2506 2812 2663 2859 sexto
2709 2804 2817 2866 die,
2850 2818 2972 2873 ηοω.
3020 2812 3104 2856 est
3160 2815 3469 2871 parasceve,

1891 2896 2250 2969 318·319
2283 2896 2531 2950 ultimum
2563 2894 2838 2949 hominem
2886 2893 2951 2946 ad
3001 2891 3468 2964 regenerationem

1895 2986 2054 3055 primi
2083 2984 2318 3040 hominis
2347 2983 2683 3053 apparuisse.
2712 2982 2882 3051 Hujus
2914 2981 3335 3052 dispensationis
3361 2980 3470 3034 ini-

1897 3075 2028 3129 tium
2057 3084 2110 3128 et
2143 3074 2302 3128 finem
2322 3084 2531 3128 sextam
2565 3088 2688 3128 esse
2709 3074 2923 3139 horam,
2950 3073 3000 3127 in
3033 3089 3136 3143 qua
3164 3072 3358 3127 affixus
3384 3081 3468 3126 est

208 3181 311 3235 της
333 3165 433 3237 τῆς
454 3164 766 3237 οἰκονομίας
798 3164 973 3237 ἀρχὴν
1004 3166 1099 3218 καὶ
1130 3165 1285 3226 τέλος
1316 3164 1416 3236 τὴν
1440 3166 1606 3235 ἒκτην
1639 3165 1789 3234 ὤραν
1893 3164 2066 3220 cruci.
2098 3162 2401 3218 Persectam
2428 3164 2572 3217 enim
2622 3162 2857 3218 Mentem
2893 3163 3281 3234 intelligentem
3309 3177 3469 3217 sena-

208 3250 369 3319 εἶναι,
409 3256 467 3307 ὲν
516 3248 550 3328 ᾔ
598 3252 925 3327 προσηλώθη
970 3253 1050 3324 τῷ
1093 3253 1254 3325 ξύλῳ.
1294 3253 1399 3308 Τόν
1432 3254 1541 3325 γὰρ
1587 3253 1790 3307 τέλειον

209 3346 353 3408 νοῦν.
403 3345 767 3416 ἐπιστάμενον
810 3345 904 3400 τὸν
946 3345 1056 3400 τῶν
1101 3344 1162 3410 ἒξ
1207 3344 1441 3417 ἀριθμὸν
1487 3345 1716 3414 δύναμιν
1743 3345 1789 3377 ⁸⁸

209 3436 481 3507 ποιήσεως
509 3435 604 3490 καί
638 3437 1047 3508 άναγεννήσεως
1077 3436 1270 3507 ἔχοντα
1294 3477 1309 3502 ,
1335 3436 1652 3507 φανερῶσαι
1677 3438 1787 3500 τοῖς

206 3659 378 3722 οὕτως
409 3660 439 3712 ό
469 3659 581 3713 τῶν
612 3660 754 3716 ἑπτὰ
782 3658 880 3729 τὴν
907 3647 1018 3715 τῶν
1046 3659 1190 3716 όκτὼ
1217 3661 1515 3730 ἐκομίσατο
1541 3660 1793 3730 δύναμιν,

1897 3253 2034 3309 rium
2062 3268 2365 3316 numerum,
2401 3253 2490 3323 qui
2544 3262 2868 3322 potestatem
2918 3253 3142 3308 haberet
3176 3252 3468 3306 creationis

1895 3354 1952 3401 et
2003 3345 2448 3415 regenerationis,
2501 3345 2932 3400 manifestavisse
3003 3344 3125 3398 tiliis
3182 3344 3315 3398 lucis
3372 3358 3471 3413 per

1895 3452 2040 3501 eum,
2081 3437 2174 3506 qui
2222 3440 2472 3508 apparuit
2525 3436 2773 3507 insigniS,
2821 3451 2962 3503 eam,
2993 3452 3110 3507 quae
3155 3452 3252 3506 per
3293 3438 3469 3506 ipsum

1904 3672 2092 3713 eornm
2114 3659 2353 3727 quisunt
2385 3671 2511 3714 octo
2543 3660 2752 3731 accepit
2778 3660 3049 3727 virtutem,
3081 3671 3135 3717 et
3169 3663 3304 3716 faeta
3338 3670 3465 3716 snnt

206 3732 301 3785 καὶ
332 3730 581 3798 ἐγένοντο
612 3731 662 3783 οἰ
694 3731 849 3785 τόποι
877 3731 1053 3798 ὅμοιοι
1087 3735 1199 3794 τοῖς
1233 3732 1511 3801 ἀριθμοῖς,
1543 3731 1796 3798 ὀγδοάδες
1905 3731 2007 3782 tria
2040 3728 2151 3782 loca
2196 3728 2394 3783 similia
2439 3732 2696 3794 numeris,
2746 3746 2866 3785 cnm
2917 3732 3026 3785 sint
3048 3734 3460 3787 octonationes:

898 3818 910 3830 ν
937 3800 951 3818 ἱ

204 3800 392 3863 ὄντες·
434 3800 630 3864 οἵτινες
670 3802 819 3872 τρεῖς
866 3803 889 3853 ὲ

205 3870 661 3940 εἰκοσιτεσσάρων
708 3817 986 3934 ἀνέδειξαν
1034 3870 1290 3943 ἀριθμόν.
1328 3871 1409 3924 Τὰ
1445 3872 1627 3941 μέντοι
1664 3871 1792 3941 τρία

206 3941 445 4009 στοιχεῖα
474 3941 701 4009 ἀφίησιν
730 3939 892 4002 αὐτὸς
928 3939 1038 3993 τῶν
1080 3939 1250 4033 τριξῦν
1277 3943 1336 3994 ὲν
1366 3943 1599 4011 συζυγίᾳ
1628 3940 1791 3996 δυνά-

207 4027 352 4081 μεων
380 4010 666 4080 ὑπάρχειν,
695 4009 730 4063 ἆ
756 4013 900 4064 ἐστιν
932 4009 1014 4076 ἓξ,
1045 4011 1118 4078 ἀφ
1166 4029 1241 4065 ων
1267 4010 1521 4133 ἁπεέόρὑη
1546 4010 1618 4065 τά
1648 4012 1795 4063 εἰκο-

1390 4095 1487 4132 ντα
1553 4078 1632 4149 τῷ
1698 4080 1798 4148 τῆς
1896 4076 2141 4146 litterw),
2169 4077 2559 4144 quadripertita
2594 4077 2973 4132 inenarrabilis
3035 4080 3468 4147 quaternationis

207 4081 503 4151 σιτὲσσαρα
563 4083 841 4150 στοιχεῖα,
910 4079 1354 4151 τετραπλασιασθ

999 3802 1230 3864 ἑαυτοὺς
1266 3800 1515 3863 ἐλθόντες
1546 3801 1639 3855 τὸν
1685 3801 1795 3855 τῶν

1901 3813 2022 3869 quse
2057 3807 2139 3852 ter
2192 3800 2242 3852 in
2272 3813 2333 3853 se
2365 3800 2630 3866 venientia
2686 3800 2874 3869 viginti
2918 3811 3151 3865 qtiatuor
3209 3803 3466 3855 ostende-

1900 3878 2026 3948 runt
2058 3867 2450 3922 numerum&
2488 3870 2586 3923 tria
2642 3871 2859 3938 quidem
2888 3872 3149 3924 elementa
3177 3872 3460 3939 (qnaedii-it

1898 3952 2016 4004 tpse
2041 3939 2198 3991 trium
2228 3939 2280 3991 in
2313 3940 2692 4006 conjugatione
2729 3942 2984 3993 virtutum
3022 3942 3310 4003 exsistere,
3345 3955 3459 4007 qnae

1901 4007 2036 4061 tium
2083 4022 2202 4071 sex,
2233 4023 2299 4061 ex
2340 4010 2536 4075 qinbns
2590 4019 2981 4063 emanaverunt
3012 4010 3197 4076 viginti
3232 4023 3456 4076 quatuor

202 4151 444 4236 άρρητου
488 4151 746 4222 τετράδος
799 4149 944 4220 λόγῳ
989 4150 1080 4202 τὸν
1127 4151 1288 4204 αὑτὸν
1333 4150 1517 4211 αὐτοῖς
1563 4148 1796 4219 ἀριθμὸν
1900 4147 2110 4199 ratione
2149 4147 2399 4199 eumdem
2477 4160 2760 4200 numerum
2822 4147 3049 4212 faciunt,
3089 4163 3210 4218 ηοω
3248 4151 3463 4217 quidem

203 4236 372 4275 ποιει.
392 4219 532 4306 άπερ
564 4220 697 4289 φησι
724 4220 817 4274 τοῦ
861 4219 1254 4301 Ἀνονομάστου
1286 4218 1574 4289 ὑπάρχειν.
1605 4221 1795 4285 ‹vopei-

1900 4214 2030 4268 dicit
2058 4215 2220 4279 illius,
2251 4215 2341 4282 qni
2391 4225 2475 4269 est
2520 4216 2944 4280 innominabilis,
2978 4221 3261 4272 exsistere.
3311 4216 3463 4272 lndui

206 4288 330 4342 σθαι
363 4287 420 4340 δὲ
459 4297 598 4342 αντα
621 4290 726 4343 ὑπὸ
762 4291 871 4344 τῶν
891 4306 1062 4361 τριων
1085 4289 1370 4358 δυνάμεων
1391 4291 1470 4351 εἰς
1497 4289 1793 4360 ὁμοιότητα
1899 4295 2078 4337 autem
2115 4299 2177 4338 ea
2208 4300 2237 4336 a
2266 4285 2439 4338 tribus
2462 4286 2751 4340 virtutibus
2783 4290 2834 4341 in
2857 4286 3266 4341 similitudinem
3296 4287 3462 4352 illius,

203 4357 297 4409 τοῦ
340 4357 624 4426 Ἀορὰτου.
655 4351 729 4410 ὧν
759 4359 1040 4430 στοιχείων
1071 4359 1278 4423 εἰκόνες
1304 4360 1533 4412 εἰκόνων
1560 4358 1627 4411 τὰ
1658 4375 1737 4411 πα

206 4427 338 4495 ἡμῖν
360 4426 521 4478 διπλᾶ
550 4441 583 4494 γ
623 4427 850 4496 άμματα
879 4429 1147 4534 ὑπάρξειν
1167 4470 1182 4495 ,
1231 4428 1267 4483 ἃ
1313 4428 1791 4511 συναριθμούμενα

204 4497 317 4552 τοῖς
369 4495 572 4548 εἰκοσιτ
607 4511 803 4566 σσαρσι
861 4514 1145 4566 στοιχε.οις
1202 4498 1335 4552 δυνά

205 4563 495 4634 ἀναλογίαν
519 4565 627 4617 τῶν
648 4567 942 4637 τριάκοντα
969 4570 1117 4621 ποιεῖ
1141 4567 1314 4640 ἀριθμ
1349 4585 1397 4623 ν.
1500 4593 1507 4600 ·

275 4695 339 4761 ζ’.
381 4694 585 4750 Τούτου
623 4694 719 4748 τοῦ
748 4692 908 4763 λόγου
952 4696 1047 4750 καί
1079 4698 1181 4768 τῆς
1227 4698 1541 4770 οἰκονομίας
1582 4696 1790 4771 ταύτης

205 4765 415 4834 καρπόν
479 4781 645 4837 φησιν
713 4766 770 4819 ἐν
834 4766 863 4819 ό
909 4765 1143 4836 οιώματι
1199 4767 1407 4831 εἰκόνος
1481 4769 1787 4838 πεφυκέναι

208 4835 527 4904 (πεφηνέναι
544 4837 664 4892 cod.
688 4833 846 4905 Reg.)
900 4837 1077 4888 κεῖνον
1093 4835 1184 4889 τὸν
1208 4839 1344 4907 μετὰ
1366 4837 1464 4903 τὰς
1491 4838 1604 4910 ἓξὴ
1654 4841 1786 4910 ἐρας

206 4903 462 4972 τέταρτον
491 4905 766 4960 ἀναδάντα
790 4906 871 4970 εἰς
899 4904 961 4958 τδ
984 4905 1128 4976 ὄρος,
1155 4907 1251 4959 καὶ
1279 4906 1571 4978 γενόμενον
1629 4925 1778 4975 κτον,

203 4971 294 5025 τὸν
342 4973 682 5045 κρατηθέντα
732 4977 826 5029 καί
883 4974 1199 5030 καταόάντα
1254 4977 1312 5029 ὲν
1363 4980 1430 5048 τῇ
1490 4977 1779 5048 ὲδδομάδι,

204 5042 298 5096 ἐπί
375 5060 476 5113 μον
513 5045 740 5114 όγδοάδα
773 5045 1089 5116 ὑπάρχοντα
1130 5043 1225 5099 καί
1271 5045 1463 5116 ἔχοντα
1500 5048 1559 5100 ἰν
1602 5047 1780 5119 ἑαυτῷ

90 5193 94 5197 ι
203 5059 555 5168 sevo-gazum
599 5114 710 5169 τῶν
774 5115 1056 5187 στοιχείων
1111 5113 1382 5190 ἀριθμὸν,
1434 5116 1778 5189 ἐφανέρωσεν

1742 4359 1867 4458 ‘''o

1897 4353 1988 4421 qui
2021 4364 2102 4407 est
2127 4353 2414 4408 invisibilis
2443 4373 2456 4408 ε
2487 4368 2716 4423 quorum
2768 4358 3159 4412 elementorum
3204 4357 3466 4426 imagines

1897 4423 2190 4492 imaginum
2236 4437 2357 4477 esse
2406 4438 2523 4486 eas,
2573 4438 2693 4494 qum
2745 4436 2871 4478 snnt
2904 4427 3041 4493 apud
3081 4442 3179 4480 nos
3218 4427 3464 4494 duplices

1412 4517 1429 4552 ι
1486 4515 1597 4552 των
1653 4498 1796 4553 κατὰ
1895 4490 2109 4556 litterae,
2146 4507 2281 4559 quas
2307 4509 2428 4546 curn
2467 4495 2655 4563 viginti
2690 4506 2925 4564 quatuor
2974 4495 3171 4551 litteris
3198 4498 3457 4551 adnume-

1896 4572 2100 4623 rantes,
2126 4566 2326 4615 virtute
2371 4578 2491 4632 ηοω
2529 4573 2613 4619 est
2654 4565 2953 4619 secundum
3010 4565 3334 4636 analogiam,
3368 4567 3465 4619 tri·

1890 4633 2036 4701 ginta
2068 4631 2270 4685 faciunt
2298 4647 2603 4688 nnmerum.

1959 4700 2012 4755 6.
2046 4699 2216 4770 Hujus
2263 4703 2489 4757 rationis
2536 4713 2591 4757 et
2643 4703 3281 4772 dispositionis-trucium
3328 4706 3461 4760 dicit
3503 4707 3514 4714 '

1890 4769 1944 4823 in
1996 4770 2401 4825 similitudinem
2463 4773 2713 4842 imaginis
2785 4777 3102 4842 apparuisse
3143 4775 3317 4839 illum,
3367 4776 3459 4843 qui

1887 4849 2011 4909 post
2051 4855 2101 4893 vt
2135 4842 2249 4894 dies
2279 4850 2506 4909 quartus
2544 4842 2786 4897 ascendit
2826 4845 2878 4896 in
2900 4857 3164 4910 montem,
3200 4855 3252 4899 et
3283 4844 3460 4899 factus

1888 4919 1973 4963 est
2016 4917 2221 4976 sextus,
2257 4912 2346 4979 qui
2381 4911 2657 4966 descendit
2690 4922 2743 4967 et
2780 4913 3026 4970 detentus
3053 4925 3137 4969 est
3168 4917 3219 4969 in
3252 4913 3457 4967 helido-

1890 4980 2066 5044 made,
2102 4995 2224 5035 cum
2257 4990 2399 5033 esset
2435 4980 2659 5050 insignis
2700 4984 2996 5047 octonatio,
3039 4995 3091 5039 et
3134 4983 3357 5038 liaberet
3400 4983 3456 5036 in

1885 5063 1944 5103 se
1972 5062 2188 5104 omnem
2237 5050 2628 5105 elementorum
2673 5067 2977 5118 numerum,
3013 5070 3170 5123 quem
3227 5052 3457 5107 manile·-

1886 5121 2218 5185 stanneum
2269 5122 2382 5190 ipse
2423 5122 2656 5175 venisset
2689 5123 2755 5177 atl
2805 5122 3155 5192 baptismum,
3194 5123 3455 5179 columba:

1509 5278 1749 5337 VARlAE
1777 5282 2191 5341 LECTtONES.

267 5453 315 5489 ⁸⁸
338 5450 445 5509 τῶν
465 5449 738 5540 όκτώ..τῷ
760 5471 820 5510 νο
857 5451 935 5538 u}
962 5451 1023 5509 C.
1100 5454 1144 5489 ⁸²
1176 5455 1273 5525 ἀφ’
1317 5458 1541 5523 ἑαυτοὺς
1584 5456 1647 5514 C.
1722 5458 1769 5492 ⁸⁸
1795 5461 2114 5527 ἀνεδέξαντο
2144 5462 2206 5518 C.
2242 5462 2329 5518 ct.
2367 5461 2510 5517 Iren.
2545 5471 2600 5518 et
2642 5465 2777 5521 infra
2827 5481 2879 5535 p.
2905 5465 3031 5526 524.
3064 5464 3117 5527 9.
3158 5465 3239 5520 to.
3318 5466 3386 5500 ⁸⁸·
3410 5465 3448 5522 ἃ

206 5524 327 5581 add.
366 5522 436 5579 tt.
511 5522 557 5557 ⁸⁸
583 5526 766 5581 αυτὸς.
796 5540 833 5577 α
870 5541 978 5579 των
1014 5523 1081 5581 G.
1150 5526 1197 5558 ⁸⁰
1229 5527 1448 5598 άπερύη
1473 5527 1539 5587 C..
1613 5531 1656 5563 ⁸¹
1727 5529 1755 5542 ⁴
1785 5561 1860 5573 —
1893 5532 2059 5635 2673».
2091 5532 2203 5585 τῶν
2224 5562 2297 5576 -
2333 5534 2508 5601 λόγων
2532 5534 2594 5588 C.
2649 5534 2696 5568 ⁸⁸
2719 5537 2905 5600 αὐτοῖς
2944 5539 3055 5599 τοῖς
3087 5535 3150 5591 C.
3224 5536 3270 5568 ⁸⁸
3301 5538 3443 5591 ἀνω-

205 5595 472 5667 νομάστου
511 5593 571 5650 C.
651 5593 697 5627 ⁸⁸
727 5594 959 5666 ἁοράτον
982 5596 1046 5650 C.
1138 5597 1183 5630 ⁸⁸
1214 5597 1449 5662 εἰκόνας.
1478 5599 1687 5665 εἰκόνες

2057 5603 2302 5659 εἰκόνων.
2348 5603 2573 5657 εἰκόνων
2597 5599 2671 5658 ὧν
2708 5606 2771 5664 C.
2845 5605 2889 5638 ⁸⁷
2917 5606 3144 5677 δυνάμει
3169 5608 3258 5679 τῇ.
3285 5606 3436 5661 δύνα·

211 5684 300 5738 μιν
326 5665 423 5737 τὴν
446 5665 507 5720 t).
582 5664 630 5697 ⁸⁸
658 5664 991 5735 οἰκονομίας.
1016 5664 1309 5750 ἀναλογίας
1327 5668 1391 5731 C.
1416 5668 1488 5726 Μ.
1561 5669 1608 5704 ⁸⁸
1629 5669 1713 5727 Cf.
1749 5669 1940 5728 Mattlt.
1975 5687 2088 5727 xvn
2109 5711 2125 5732 ,
2159 5672 2182 5726 1
2221 5689 2342 5742 sqq.
2376 5673 2542 5731 Marc.
2568 5690 2645 5739 tx,
2675 5676 2709 5730 2
2737 5693 2859 5749 sqq.
2933 5679 2980 5710 ⁸⁸
3007 5698 3051 5731 ω
3077 5678 3189 5734 καί.
3211 5695 3239 5732 ο
3258 5680 3352 5732 καί
3375 5679 3435 5734 G.

207 5739 248 5772 ⁸¹
285 5735 624 5804 παρασκευὴ,
663 5728 782 5805 fic.
859 5736 905 5768 ⁸⁸
931 5734 1199 5806 άριθμων,
1231 5738 1457 5809 δυναμιν
1488 5739 1712 5813 ποιῆσαι
1749 5741 1843 5798 καί
1894 5742 2252 5813 ἀναγεννῆσαι
2280 5743 2355 5807 ὡς
2381 5742 2569 5810 ἔχοντα
2609 5745 2672 5800 C.
