3967 6217
178 371 354 429 2721

196 766 425 831 mitiis,
456 765 745 838 propbeta,
774 773 832 820 et
865 763 1020 820 dices
1054 780 1069 817 ι
1100 762 1228 817 ilaec
1263 759 1398 818 dicit
1431 758 1695 816 Dominus
1728 759 1810 830 (ιι)

199 859 502 915 Dominus
531 857 598 913 ad
631 857 775 913 iiiios
801 857 1034 914 Ammon
1058 893 1076 919 ,
1122 861 1180 911 ει
1213 853 1284 909 ad
1329 851 1684 925 opprobrium
1714 866 1812 906 eo-

199 965 380 1012 rnm.
402 957 461 1006 et
483 949 634 1006 dices
666 965 683 1006 ι
712 945 962 1014 Gladius.
994 946 1209 1019 gladius
1247 946 1569 1019 evaginatus
1594 944 1664 1001 ad
1697 959 1814 1002 ma·

198 1042 530 1099 orationem
564 1082 580 1107 ,
639 1048 696 1097 ct
752 1039 1072 1110 evaginatus
1114 1035 1184 1092 ad
1254 1036 1812 1099 consummationem,

199 1148 420 1206 surge,
456 1142 520 1190 ιιι
549 1132 781 1205 fulgeas,
804 1131 899 1187 29.
925 1132 979 1186 in
1006 1132 1216 1187 visione
1248 1136 1338 1184 tua
1366 1143 1506 1184 vana
1528 1168 1546 1194 ,
1598 1138 1653 1183 et
1687 1141 1812 1183 cuni

199 1225 511 1284 divinabis
539 1224 699 1291 falsa,
727 1223 796 1279 ad
830 1221 1152 1280 tradendum
1200 1232 1254 1279 te
1291 1236 1456 1294 super
1501 1220 1641 1279 colia
1668 1217 1818 1278 occi·

201 1333 425 1374 sorum
461 1317 796 1389 iniquorum,
826 1329 1061 1387 quorum
1105 1314 1257 1371 venit
1287 1314 1404 1369 dies
1453 1312 1509 1367 in
1568 1322 1817 1383 tempore

207 1408 362 1466 titiis
391 1407 692 1479 iniustitiae.
721 1407 812 1469 5⁰.
839 1407 1159 1474 Revertere,
1186 1419 1256 1464 ne
1285 1405 1579 1476 bospiteris
1610 1405 1665 1460 in
1697 1405 1818 1463 loco

213 1499 368 1567 lioc,
393 1513 505 1571 quo
544 1508 708 1556 natus
733 1514 817 1566 es,
845 1499 900 1556 iii
925 1507 1072 1556 terra
1096 1496 1178 1571 (ai)
1205 1507 1299 1554 tua
1328 1495 1589 1569 judicabo
1620 1504 1695 1565 te,
1720 1496 1812 1552 51.

212 1599 282 1647 et
312 1589 597 1648 effundam
631 1605 798 1661 super
833 1597 887 1646 te
915 1588 1157 1645 furorem
1215 1603 1424 1654 meum,
1469 1586 1527 1643 in
1561 1587 1688 1658 igne
1723 1587 1820 1643 irae

219 1697 380 1742 meze
406 1679 642 1740 sufflabo
668 1695 834 1752 super
854 1690 910 1737 te
937 1695 954 1736 i
980 1688 1037 1737 et
1064 1679 1276 1737 tradam
1322 1686 1378 1734 te
1432 1678 1487 1733 in
1519 1693 1717 1734 manus
1746 1676 1823 1734 vi·

1407 363 1814 424 unzi-:emus
1851 365 2079 424 CAPUT
2144 367 2312 424 xxii.

181 492 342 548 tasti
367 489 605 548 humile.
633 489 723 547 27.
745 487 1095 563 injustitiam,
1125 492 1192 560 Ji(
1217 487 1539 558 injustitiam
1569 489 1632 557 ζ,
1666 487 1810 559 inju-
1837 497 1884 555 Α
1913 490 2084 546 oblita
2120 506 2204 561 es,
2242 490 2375 549 dicit
2415 489 2681 547 Dominus
2711 491 2999 548 Dominus.
3049 491 3137 548 13.
3192 492 3247 548 Si
3301 504 3483 551 autem

185 581 442 640 stitiani
471 595 672 654 ponam
709 595 856 646 eam,
884 594 985 636 nec
1028 578 1146 636 baec
1188 577 1314 633 talis
1341 575 1468 642 erit,
1513 574 1689 632 donec
1725 589 1810 630 ve·

189 673 367 740 nias,
411 674 503 731 cui
528 671 804 738 convenit,
836 680 892 727 ct
912 671 1125 728 tradam
1148 670 1223 727 ei.
1247 670 1340 726 28.
1367 667 1434 724 Et
1473 679 1568 734 tu,
1606 667 1682 723 tili
1712 665 1810 722 lio-

3341 376 3484 431 2722

1911 597 2239 654 percussero
2270 598 2496 640 manum
2536 598 2712 638 ineam
2741 581 2809 637 ad
2843 597 3064 638 inanum
3089 597 3264 637 ineam
3289 583 3360 655 (e)
3390 598 3484 638 sii-

1912 688 2010 742 per
2040 673 2132 741 iis,
2167 689 2288 744 quae
2345 672 2762 739 consummasti,
2808 688 2936 745 quae
2986 673 3187 737 fecisti,
3239 683 3289 728 et
3323 688 3486 744 super

1912 766 2274 837 sanguinibus
2313 765 2443 832 tuis,
2474 765 2568 836 qui
2600 764 2727 821 iacti
2757 774 2882 821 sunt
2916 765 2972 820 iii
3007 763 3187 821 medio
3208 763 3307 830 tui,
3331 764 3417 818 14.
3442 764 3487 819 si

1915 858 2212 914 sustinebit
2248 858 2565 915 cortuum?
2605 858 2652 913 si
2697 857 3020 914 detinebunt
3068 872 3264 912 matius
3291 870 3487 912 manus

1916 958 2028 1004 tuae
2057 948 2113 1005 in
2145 949 2355 1018 diebuS‚
2383 964 2524 1020 quos
2551 965 2654 1022 ego
2683 948 2827 1006 facio
2866 949 2922 1004 in
2954 948 3043 1005 te!
3078 947 3190 1021 Ego
3226 946 3487 1004 Dominus

1914 1037 2134 1096 locutus
2166 1055 2310 1105 suni,
2357 1049 2413 1096 et
2454 1040 2675 1096 faciam.
2723 1041 2812 1096 15.
2869 1039 2939 1096 Ei
2989 1040 3301 1111 dispergam
3345 1049 3395 1093 te
3435 1037 3489 1091 in

1915 1130 2194 1203 gentibus,
2219 1139 2274 1187 et
2301 1130 2676 1187 disseminabo
2700 1140 2758 1187 te
2790 1132 2845 1187 in
2880 1131 3218 1203 regionibus,
3274 1137 3332 1186 et
3361 1128 3497 1184 detl-

1914 1220 2025 1277 ciet
2049 1219 2395 1276 immunditia
2424 1228 2519 1275 tua
2554 1235 2585 1275 a
2615 1229 2669 1275 te
2703 1238 2718 1275 t
2752 1219 2841 1276 16.
2874 1221 2955 1292 (ά)
2993 1230 3053 1278 ει
3078 1219 3406 1276 baereditabo
3434 1218 3490 1274 ia

1916 1320 1970 1368 te
1995 1320 2121 1368 ante
2147 1312 2340 1367 oculos
2377 1312 2644 1383 gentium,
2666 1321 2720 1367 et
2743 1312 2953 1378 scietis,
3009 1312 3139 1384 quia
3178 1327 3280 1383 ego
3306 1311 3489 1367 Domi-

1920 1418 2047 1459 nus.
2074 1402 2162 1458 17.
2195 1402 2264 1459 Ει
2290 1401 2496 1458 facium
2533 1410 2619 1457 est
2643 1402 2874 1459 verbum
2922 1401 3139 1458 Domini
3169 1401 3237 1457 ad
3263 1416 3370 1467 me,
3404 1401 3491 1456 di-

1918 1509 2089 1550 cens:
2117 1493 2203 1550 18.
2232 1493 2336 1550 Fili
2373 1492 2631 1561 bominis,
2656 1507 2786 1549 ecce
2812 1491 2940 1548 facti
2977 1500 3108 1547 sunt
3133 1491 3269 1548 milii
3293 1492 3492 1550 domus

1919 1585 2136 1643 israelis
2167 1585 2241 1657 (e)
2270 1583 2419 1641 inisti
2448 1599 2642 1641 omnes
2670 1598 2800 1649 aere,
2828 1593 2883 1639 et
2908 1582 3076 1649 ferro,
3117 1593 3173 1640 et
3199 1595 3416 1648 stanno,
3440 1592 3490 1637 ει

1921 1675 2146 1748 plumbo
2171 1676 2227 1730 in
2254 1673 2432 1730 medio
2453 1677 2518 1742 ζα(
2537 1673 2736 1729 camini
2773 1675 2795 1744 ζ
2822 1671 2891 1743 (Ι)
2916 1671 3066 1727 misti
3094 1678 3327 1742 argento
3342 1679 3494 1725 sunt.

225 1787 435 1828 rorum
491 1772 850 1828 barbarorum
901 1769 1254 1828 conflantium
1300 1769 1821 1841 corruptionem.—
1925 1765 2019 1822 19.
2046 1766 2277 1837 Propter
2298 1767 2404 1820 boc
2420 1762 2543 1820 dic:
2570 1761 2699 1819 llmc
2732 1762 2868 1819 dicit
2894 1762 3159 1818 Dominus
3185 1760 3451 1816 Dominus
3479 1778 3491 1810 :

229 1861 340 1916 32.
365 1860 421 1916 iii
458 1860 586 1933 igne
612 1862 722 1918 eris
747 1861 928 1928 cibus,
977 1860 1201 1933 sanguis
1252 1868 1382 1916 tuus
1427 1860 1534 1915 erit
1554 1860 1610 1915 in
1636 1858 1820 1918 medio
1850 1830 1895 1888 B
1920 1855 2031 1913 Pro
2056 1871 2123 1913 eo
2145 1853 2292 1928 quod
2319 1854 2448 1911 iacti
2475 1854 2610 1911 estis
2640 1868 2836 1910 omnes
2861 1854 2917 1908 in
2943 1868 3111 1909 unam
3152 1851 3496 1908 commistio-

231 1962 406 2012 terrae
433 1965 576 2010 tuae:
603 1969 711 2010 non
738 1954 846 2011 erit
871 1953 1136 2011 memoria
1164 1953 1263 2020 tui,
1288 1951 1418 2023 quia
1438 1966 1540 2021 ego
1553 1949 1822 2009 Dominus

237 2042 462 2099 locutus
487 2057 632 2098 sum.

318 2131 475 2187 CAP.
501 2128 745 2186 xxm—
767 2131 817 2185 1.
855 2129 923 2186 Ει
952 2129 1253 2186 factumest
1278 2130 1504 2187 verbum
1521 2128 1739 2186 Domini
1756 2129 1825 2186 ad

239 2236 360 2290 ine,
380 2221 567 2278 dicens
595 2221 685 2277 22.
703 2220 767 2276 Et
784 2231 862 2289 tu,
895 2222 968 2277 iili
993 2220 1255 2286 hominis,
1280 2222 1326 2278 si
1337 2221 1571 2293 judicas,
1603 2229 1822 2278 autnon

233 2310 466 2382 judicas
501 2310 693 2366 urbem
738 2310 1104 2381 sanguinum?
1159 2320 1216 2366 et
1263 2310 1493 2367 ostende
1533 2310 1585 2367 ei
1630 2325 1824 2368 omnes

239 2401 570 2472 iniquitates
593 2415 746 2465 suas,
776 2401 832 2458 5.
861 2410 918 2457 et
941 2399 1123 2459 dices:
1153 2399 1281 2457 Hac
1303 2399 1438 2458 dicit
1460 2403 1537 2473 (y)
1561 2400 1825 2458 Dominus

241 2491 325 2565 (s)
357 2492 659 2550 Dominus:
687 2491 734 2549 0
763 2492 896 2550 urbs
928 2493 1212 2550 effundens
1237 2493 1531 2566 sanguines
1559 2493 1614 2550 in
1645 2493 1824 2552 medio

236 2586 355 2652 sui,
386 2593 448 2640 ut
477 2584 662 2642 veniat
685 2593 902 2656 tempus
928 2584 1072 2655 eius.
1111 2594 1170 2642 et
1212 2584 1424 2643 faciens
1468 2585 1824 2656 cogitationes

237 2683 440 2731 contra
469 2670 848 2746 semetipsam,
883 2672 954 2729 ad
992 2672 1351 2743 polluendum
1402 2687 1482 2729 se.
1521 2673 1575 2728 1.
1612 2672 1669 2727 ln
1699 2686 1826 2728 san—

239 2765 505 2837 guinibus
532 2779 747 2832 eorum,
776 2779 918 2836 quos
942 2763 1204 2832 effudisti,
1237 2762 1482 2821 cecidisti
1514 2780 1528 2818 ε
1562 2772 1618 2820 ει
1649 2761 1704 2818 in
1731 2777 1826 2820 co-

239 2853 602 2926 gitationibus
636 2852 766 2921 tuis,
817 2869 957 2925 quas
1002 2851 1216 2921 iecisti,
1271 2852 1473 2926 polluta
1533 2851 1732 2909 suisti:
1768 2863 1824 2910 et

237 2945 687 3017 appropinquare
715 2942 891 3002 iecisti
921 2945 1039 3003 dies
1067 2955 1212 3011 tuos.
1240 2954 1295 3003 ει
1318 2942 1598 3002 adduxisti
1611 2952 1825 3015 teinpus

244 3051 520 3093 annorum
556 3048 799 3095 tuorum.
835 3038 1065 3111 Propter
1094 3038 1200 3095 hoe
1256 3036 1381 3094 dedi
1443 3046 1496 3094 te
1539 3037 1597 3092 in
1628 3051 1827 3109 oppro-

1920 1960 2070 2010 nem,
2097 1953 2322 2016 propter
2347 1944 2452 2000 boc
2482 1958 2611 2000 ecce
2665 1957 2768 2014 ego
2809 1942 3066 2014 recipiam
3095 1957 3196 1998 vos
3230 1942 3284 1998 in
3316 1942 3497 1997 medio

1920 2036 2248 2094 Jerusalem.
2279 2034 2372 2090 20.
2407 2034 2560 2091 Sicut
2595 2034 2855 2106 recipitur
2894 2043 3205 2106 argentum,
3238 2042 3290 2090 ει
3317 2047 3415 2099 aes,
3444 2043 3499 2088 et

1923 2127 2153 2197 ferrum,
2183 2136 2239 2183 et
2262 2136 2541 2194 stannum,
2582 2136 2638 2184 et
2695 2127 2974 2198 plumbum
3030 2127 3087 2183 in
3135 2127 3371 2183 medium
3404 2141 3499 2183 ca-

1924 2218 2082 2288 mini,
2114 2220 2183 2277 ad
2210 2220 2534 2277 sufflandum
2561 2220 2617 2275 in
2642 2221 2774 2277 illud
2801 2221 3079 2293 ignem,ut
3104 2220 3389 2285 confletur,
3424 2221 3499 2276 ita

1926 2313 2184 2385 recipiam
2216 2329 2316 2371 vos
2336 2315 2390 2370 in
2423 2315 2507 2371 ira
2551 2330 2693 2380 mea,
2727 2317 2864 2384 >i(et
2890 2315 2944 2369 in
2973 2314 3157 2370 surore
3179 2314 3204 2383 ζ
3226 2355 3245 2381 ,
3276 2322 3332 2370 ct
3366 2329 3501 2370 con-

1923 2404 2181 2478 gregabo,
2203 2410 2261 2460 et
2276 2403 2526 2461 conflabo
2546 2420 2662 2472 vos,
2682 2404 2774 2461 21.
2806 2408 2875 2474 χ
2891 2407 3308 2478 eteongregabo
3330 2419 3425 2461 vos
3448 2407 3496 2475 ζ,

1923 2506 1979 2552 ει
2007 2495 2235 2552 sufflabo
2257 2510 2421 2566 super
2446 2510 2545 2552 vos
2575 2497 2634 2551 in
2686 2498 2810 2567 igne
2842 2497 2938 2552 irae
2972 2511 3126 2562 mete,
3158 2504 3213 2553 et
3240 2495 3502 2552 conflabi-

1926 2587 2061 2644 mini
2099 2587 2156 2643 in
2183 2588 2365 2643 medio
2389 2587 2531 2659 ejus.
2581 2587 2673 2643 22.
2721 2587 3193 2655 Quemadmodum
3233 2588 3503 2644 conflatur

1923 2686 2209 2750 argentum
2243 2678 2300 2734 in
2325 2677 2508 2733 medio
2534 2678 2760 2744 camini,
2793 2678 2868 2733 ita
2892 2678 3265 2734 conflabimini
3295 2680 3352 2735 in
3380 2695 3503 2736 nie-

1923 2766 2018 2824 dio
2042 2766 2184 2837 eius,
2214 2774 2269 2822 ει
2295 2767 2664 2839 cognoscetis,
2716 2768 2844 2838 quia
2894 2783 2997 2841 ego
3046 2768 3309 2826 Dominus
3337 2769 3501 2825 effudi

1923 2857 2164 2916 furorem
2188 2873 2371 2915 meum
2407 2873 2574 2929 super
2593 2874 2710 2915 vos.
2737 2859 2828 2915 25.
2854 2859 2919 2915 Et
2938 2859 3144 2917 factum
3173 2868 3256 2919 est
3274 2861 3501 2917 verbum

1922 2949 2140 3007 Domini
2168 2950 2239 3007 ad
2273 2964 2385 3016 me,
2430 2950 2659 3007 dicens:
2703 2950 2797 3006 24.
2836 2950 2940 3006 Fili
2969 2950 3233 3018 bominis,
3285 2951 3375 3008 dic
3413 2952 3499 3007 ei:

1925 3040 2010 3098 Tu
2044 3056 2106 3099 es
2157 3051 2300 3098 terra
2331 3040 2407 3113 (9)
2448 3056 2555 3097 non
2593 3043 2889 3113 compluta,
2919 3058 3096 3114 neque
3127 3042 3312 3114 pluria
3358 3042 3504 3099 iacta

246 3125 433 3183 larium
463 3128 737 3201 gentibus,
767 3138 823 3186 et
851 3129 906 3185 in
950 3128 1262 3186 irrisionem
1296 3128 1554 3185 omnibus
1586 3130 1825 3200 regioni·
1850 3153 1896 3212 c
1926 3141 2012 3187 est
2043 3146 2206 3202 super
2234 3140 2288 3190 te
2324 3131 2381 3186 in
2411 3131 2501 3187 die
2520 3131 2634 3187 irae.
2668 3131 2760 3187 25.
2794 3130 2967 3203 Cujus
3021 3133 3189 3190 duces
3237 3134 3292 3189 in
3321 3135 3504 3190 medio

246 3221 376 3287 bus,
407 3217 461 3277 5.
490 3235 614 3291 quir.
642 3236 813 3293 prope
829 3230 961 3277 sunt
985 3220 1056 3276 aii
1083 3229 1159 3286 te,
1202 3230 1257 3278 et
1280 3234 1405 3292 quai
1426 3219 1620 3289 procul
1649 3233 1830 3275 remo·

250 3321 321 3368 ιω
351 3320 482 3369 sunt
506 3325 540 3368 a
571 3321 646 3379 te,
679 3311 758 3383 (a)
807 3320 864 3367 ει
915 3309 1147 3367 illudent
1186 3310 1244 3365 in
1298 3319 1372 3374 te,
1404 3308 1688 3377 immunda
1723 3307 1826 3364 ista

249 3402 555 3466 nominata,
586 3410 642 3456 et
675 3401 849 3455 multa
876 3399 933 3454 in
979 3398 1382 3469 iniquitatibus.
1408 3398 1465 3454 6.
1495 3396 1638 3454 Ecce
1662 3398 1830 3455 duces

250 3493 451 3546 domus
485 3488 722 3554 israelis,
753 3489 1130 3558 unusquisque
1147 3486 1216 3543 ad
1240 3497 1501 3561 cognatos
1539 3502 1692 3552 suos,
1727 3488 1830 3543 mi·

255 3588 518 3634 seuerum
542 3576 671 3632 sein
703 3586 775 3641 te,
797 3573 1148 3633 utess'utidant
1161 3575 1506 3649 sanguiuem.
1524 3576 1580 3634 7.
1609 3574 1829 3634 Patrem

255 3677 312 3726 ct
341 3677 570 3726 matrem
602 3668 997 3726 maledicebant
1021 3668 1076 3724 in
1100 3677 1172 3734 te,
1192 3676 1247 3724 et
1269 3668 1532 3726 adversus
1561 3669 1828 3726 advenam

254 3763 724 3822 conversabantur
753 3761 809 3819 in
835 3760 1122 3833 injustitiis
1161 3761 1217 3818 in
1249 3771 1337 3820 tet
1368 3762 1636 3834 pupilium
1662 3770 1719 3819 et
1743 3762 1827 3818 vi·

253 3854 419 3914 duam
450 3855 830 3928 opprimebant
857 3855 913 3911 in
950 3865 1042 3912 te:
1065 3856 1122 3911 8.
1150 3864 1207 3912 ει
1233 3856 1436 3913 Sancta
1463 3869 1585 3913 mea
1610 3869 1829 3926 sperne-

253 3943 408 4010 bant,
453 3953 511 4001 et
567 3943 796 4002 sabbata
844 3961 968 4001 mea
1032 3944 1350 4017 polluebant
1403 3946 1461 4003 in
1512 3953 1584 4004 te.
1622 3943 1677 4000 9.
1708 3942 1828 4000 Viri

251 4037 494 4095 tatrones
531 4040 602 4106 λ(
637 4047 797 4094 erant
832 4036 855 4106 ζ
887 4037 942 4092 in
979 4043 1055 4102 te,
1080 4044 1139 4092 ut
1173 4035 1514 4093 effunderent
1538 4036 1596 4092 in
1620 4045 1674 4092 te
1700 4050 1826 4092 san·

253 4130 514 4202 guinem:
561 4138 619 4187 et
646 4144 810 4201 super
835 4127 1114 4183 montibus
1154 4127 1515 4184 comedebant
1552 4126 1608 4182 in
1643 4133 1716 4182 te:
1754 4124 1829 4196 (b)

255 4235 366 4276 non
399 4230 589 4278 saneta
651 4220 930 4278 iaciebant
981 4220 1041 4276 in
1066 4219 1247 4275 medio
1309 4219 1412 4274 tui.
1448 4216 1540 4273 10.
1572 4214 1830 4273 pudenda

1925 3222 2071 3290 eius,
2116 3221 2261 3280 sicut
2298 3221 2484 3278 leones
2539 3222 2815 3293 rugientes
2843 3262 2861 3288 ‚
2941 3223 3214 3293 rapientes
3260 3227 3504 3296 rapinas,

1928 3308 2143 3366 animas
2195 3307 2522 3365 devorantes
2583 3309 2639 3364 in
2692 3308 2958 3379 potentia,
3009 3319 3064 3364 et
3122 3310 3297 3383 pretia
3350 3310 3504 3366 acci·

1928 3400 2144 3472 pientes
2208 3398 2265 3454 in
2317 3397 2605 3468 injustitia.
2654 3398 2722 3454 Et
2752 3399 2932 3455 viduae
2986 3408 3091 3454 tuae
3130 3399 3504 3471 multiplicatas

1929 3492 2142 3548 suntin
2177 3488 2356 3547 medio
2385 3490 2489 3548 tui.
2514 3489 2609 3546 26.
2638 3488 2708 3546 Et
2746 3489 3058 3547 sacerdotes
3102 3490 3226 3560 ejus
3256 3491 3336 3563 (Ιι)
3361 3504 3505 3562 prae-

1927 3585 2158 3643 varicati
2188 3594 2319 3642 sunt
2347 3584 2452 3655 legi
2476 3598 2631 3650 meas,
2666 3592 2722 3640 ει
2762 3584 3082 3655 polluebant
3123 3581 3323 3640 Sancta
3345 3599 3502 3640 mea:

1925 3675 2071 3734 inter
2107 3683 2357 3731 sanctum
2388 3673 2452 3744 (i)
2492 3678 2548 3728 ει
2599 3672 2891 3744 profanum
2921 3687 3034 3729 non
3071 3671 3502 3742 distinguebant,

1926 3775 1983 3824 et
2018 3767 2162 3825 inter
2187 3766 2535 3824 immundum
2565 3774 2622 3821 et
2648 3769 2916 3822 mundum
2946 3781 3052 3822 non
3072 3764 3501 3837 distinguebant,

1924 3873 1961 3915 a
1989 3858 2234 3916 sabbatis
2259 3857 2398 3913 meis
2424 3855 2745 3929 operiebant
2778 3857 2971 3914 oculos
2989 3871 3161 3912 suos:
3205 3855 3277 3928 (ii)
3305 3863 3359 3910 et
3379 3870 3507 3925 pro-

1927 3949 2157 4006 fanabar
2176 3949 2234 4006 in
2257 3949 2439 4005 medio
2467 3963 2685 4005 eorum.
2715 3946 2808 4002 27.
2836 3935 3121 4016 Principes
3149 3946 3270 4016 ejiis
3302 3946 3358 4000 in
3384 3960 3501 4001 me·

1927 4041 2025 4097 dio
2041 4041 2184 4111 eius,
2214 4039 2360 4095 sicut
2388 4037 2500 4109 lupi
2525 4038 2801 4107 rapientes
2826 4037 3069 4106 rapinas,
3111 4036 3181 4091 ad
3218 4033 3506 4092 effunden-

1929 4132 2063 4188 dum
2105 4129 2451 4200 sanguinem,
2488 4129 2559 4196 Χ
2609 4126 2678 4183 ad
2716 4125 3052 4197 perdendum
3101 4126 3317 4184 animas
3348 4128 3411 4197 ζ,
3443 4139 3508 4184 ut

1930 4221 2162 4280 avaritia
2194 4220 2500 4277 lucrentur.
2522 4218 2616 4274 28.
2639 4217 2706 4273 Et
2729 4218 3011 4290 propbetae
3031 4217 3173 4289 eius,
3201 4219 3263 4292 (ι)
3290 4235 3504 4292 ungen-

257 4310 426 4382 patris
454 4319 765 4369 retexerunt
790 4312 847 4369 in
871 4321 944 4378 te,
967 4321 1025 4369 et
1051 4310 1107 4366 in
1138 4308 1500 4367 immunditiis
1521 4315 1831 4365 menstrua·
1933 4322 2016 4372 tes
2037 4328 2156 4381 eos,
2196 4311 2414 4379 eadent,
2445 4309 2696 4367 videntes
2745 4323 2909 4377 vana,
2939 4308 3244 4366 divinantes
3270 4311 3339 4379 Χ
3365 4311 3450 4366 eis
3476 4311 3500 4379 ζ

257 4412 368 4459 tam
404 4402 767 4460 humiliabant
791 4404 850 4460 iii
905 4412 980 4460 te.
1033 4402 1123 4460 11.
1166 4400 1560 4473 Unusquisque
1601 4415 1826 4458 uxorem
1932 4403 2243 4472 mendacia,
2272 4403 2515 4462 dieentes
2539 4421 2554 4458 ι
2576 4401 2706 4460 Haec
2731 4401 2864 4459 dicit
2886 4401 3099 4459 Adonai
3130 4402 3414 4469 Dominus,
3450 4414 3506 4459 et

259 4495 496 4568 proximi
514 4494 603 4552 sui
624 4496 816 4569 inique
872 4493 1176 4567 ignominia
1208 4493 1411 4560 afficit,
1431 4501 1488 4549 et
1529 4493 1830 4566 unusquis·
1858 4479 1905 4537 ¹)
1932 4494 2203 4554 Dominus
2230 4511 2343 4552 non
2374 4495 2591 4555 locutus
2624 4503 2749 4552 est:
2782 4494 2873 4552 29.
2891 4496 3151 4568 populum
3200 4503 3358 4553 terrai
3380 4510 3505 4567 pre-

258 4601 364 4658 que
425 4602 624 4644 nurum
673 4601 831 4644 suam
883 4585 1281 4643 contaminarit
1333 4585 1391 4642 in
1434 4583 1739 4658 impietate,
1776 4593 1832 4641 et
1931 4597 2147 4647 mentes
2173 4588 2400 4660 injusto,
2421 4596 2476 4646 et
2516 4588 2837 4660 diripientes
2896 4587 3142 4661 rapinas,
3191 4602 3423 4659 egenum
3451 4597 3506 4643 et

257 4679 637 4753 unusquisque
658 4694 905 4737 sororem
935 4693 1114 4748 suam,
1171 4678 1339 4736 tiliam
1388 4682 1559 4751 patris
1583 4677 1693 4745 sni,
1724 4676 1833 4734 bu·
1930 4695 2227 4753 pauperem
2257 4680 2649 4752 opprimentes,
2697 4688 2754 4737 et
2793 4694 2923 4756 erga
2964 4679 3229 4736 advenam
3270 4680 3370 4758 (ni)
3393 4694 3504 4735 non

259 4770 543 4828 tuiliabant
567 4770 625 4828 in
671 4779 745 4829 ie·
794 4771 884 4829 ¹2·
930 4769 1132 4828 Humi!
1173 4770 1516 4843 &militabant
1569 4768 1624 4828 in
1662 4779 1738 4835 te,
1769 4777 1833 4825 ut
1929 4780 2322 4832 conversantes
2353 4772 2731 4846 eumjudieio.
2759 4773 2851 4831 5⁰.
2888 4772 2957 4829 Et
2984 4771 3296 4845 quaerebam
3328 4787 3395 4827 ex
3423 4772 3506 4828 eis

258 4858 597 4920 effunderent
649 4862 970 4936 sanguinem
1001 4879 1015 4917 ε
1092 4877 1316 4922 usuram
1379 4871 1436 4919 et
1489 4860 1826 4935 superfluum
1928 4865 2131 4934 sirum,
2162 4865 2241 4940 (ιι)
2272 4866 2366 4939 qui
2390 4874 2806 4924 conversaretur
2837 4873 3005 4933 reete,
3043 4873 3098 4921 et
3127 4863 3223 4935 qui
3253 4872 3423 4920 staret
3437 4878 3507 4919 ex

263 4952 597 5024 accipiebant
617 4955 675 5012 in
704 4963 797 5012 te:
845 4965 902 5013 et
941 4954 1339 5014 consummasti
1391 4953 1828 5011 consummatio·
1934 4967 2052 5016 ιοω
2082 4967 2209 5016 anie
2232 4958 2431 5016 faciem
2460 4974 2637 5016 meam
2665 4959 2723 5015 in
2760 4970 3005 5031 iempore
3033 4958 3108 5030 (ο)
3137 4958 3249 5023 irae,
3276 4964 3338 5013 ui
3365 4956 3505 5011 neiii

265 5056 386 5098 nem
415 5045 636 5104 malitiae
657 5055 784 5115 tuas,
818 5063 935 5120 qam
986 5049 1043 5106 in
1072 5047 1431 5120 oppressione
1461 5062 1478 5098 ε
1511 5042 1621 5103 mei
1645 5053 1827 5104 autem
1934 5048 2098 5106 tinem
2126 5049 2363 5107 delerem
2401 5064 2545 5117 eain,
2576 5058 2635 5106 et
2685 5066 2794 5106 noti
2847 5050 3051 5106 inveni.
3105 5048 3198 5105 5¹.
3250 5048 3317 5103 Et
3341 5045 3506 5104 effudi

332 5182 410 5256 (ιι)
439 5181 603 5265 Deus.
678 5185 756 5255 (ε)
781 5184 864 5252 8.,
891 5200 1141 5259 possessa
1175 5194 1291 5242 tua.
1326 5182 1450 5248 Tin,
1481 5183 1837 5269 stabilimenti
1860 5186 2062 5269 radicis
2090 5194 2219 5244 tute.
2355 5184 2634 5269 >Adonai
2709 5185 2786 5260 (ι)
2813 5185 2980 5245 Deus.
3058 5186 3135 5258 (a)
3165 5184 3252 5270 S3,
3288 5187 3505 5270 signum

262 5249 422 5376 52⁰¹*
474 5252 740 5311 iacientes
782 5271 977 5313 maniis
1004 5271 1169 5328 super
1219 5266 1294 5320 ιε,
1345 5255 1661 5313 clamabunt
1686 5256 1787 5313 tibi
1823 5257 2282 5342 :immunda,ral
2322 5274 2353 5315 e
2395 5265 2694 5339 nominata.
2804 5257 2883 5397 (ὁ)
2912 5257 3001 5323 8.,
3044 5257 3502 5320 abominationes.

263 5321 769 5475 ..assssztt‘ati
783 5338 836 5383 ⁰·
871 5324 1569 5469 225⁵§:,‘',{‡.;‘1:‘2?3’i.2.‘:?
1591 5324 2139 5462 ii:,‘¹1‘:.‘'2;¹:lt.l¹..⁰.z?
2168 5338 2306 5482 ’Ἳῇ
2362 5326 2732 5467 mitiis&
2770 5327 2908 5479 1052.
2916 5326 3101 5479 ‚⁸345
3125 5335 3506 5480 ..ἵζ’ἑὲἷῖἒιυὲἕ

263 5476 452 5518 seorim
480 5463 634 5520 iacta
654 5473 805 5523 sunt.
893 5467 948 5538 (9
1004 5465 1088 5533 8.,
1118 5481 1242 5550 qum
1268 5463 1660 5550 non'mundata
1689 5474 1798 5534 est,
1827 5480 2173 5550 superquam
2206 5467 2384 5549 biems
2424 5481 2534 5523 non
2568 5464 2710 5522 facta
2743 5475 2849 5532 est,
2880 5482 2935 5522 in
2957 5468 3057 5549 ,die
3089 5466 3501 5548 increpationis.

263 5527 580 5616 «iuramenta
609 5550 735 5606 quie
758 5535 923 5593 simul
955 5538 1008 5622 .‘·
1039 5553 1088 5594 e.
1117 5537 1535 5606 conjurationes)
1565 5535 1955 5660 proffibetarum
1984 5551 2106 5608 eius
2138 5536 2193 5592 iii
2227 5538 2407 5593 medio
2429 5538 2568 5608 ejus.
2651 5536 2727 5609 (Ιι)
2756 5535 2842 5603 8.,
2878 5552 2971 5619 ιιιιι
2997 5537 3272 5619 ducebant
3298 5536 3353 5592 in
3384 5550 3503 5592 vio-

268 5599 427 5684 lentia
457 5601 628 5675 legem
653 5621 850 5663 meam.
950 5613 989 5674 ι)
1028 5605 1112 5673 8.,
1142 5607 1497 5662 mundanum.
1572 5603 1647 5676 (Ιι)
1719 5616 1740 5661 ι
1772 5605 1998 5662 sabbata
2027 5619 2147 5662 mea
2181 5605 2566 5678 profanabant.
2643 5608 2707 5681 (Ι)
2739 5604 2822 5672 8.,
2858 5623 2952 5679 qui
2984 5606 3247 5664 iinieban‘
3270 5620 3363 5629 ···
3388 5619 3498 5629 ·····

268 5672 631 5732 condimento.
671 5675 790 5747 Th„
833 5686 921 5736 stu
941 5677 1082 5734 titia.
1157 5677 1256 5748 (iii)
1285 5674 1367 5746 8.,
1394 5684 1787 5749 oppresserunt
1811 5674 2019 5748 iiiique.
2097 5673 2178 5750 (ii)
2205 5676 2288 5745 8.,
2320 5677 2731 5749 quiaedilicaret
2758 5692 2964 5750 scpciii.
3042 5677 3118 5749 (οι
