3967 6217
500 335 638 395 2757

1590 329 1814 388 conssx
1859 330 2643 393 svntaco-nssxffnsms.

3618 346 3794 406 27⁸⁸

500 463 680 511 tantes
719 468 883 525 super
915 466 1049 524 pace
1071 494 1086 522 ,
1117 467 1308 509 omnes
1359 448 1729 507 inhabitantes
1759 460 1983 516 terram,
2015 450 2070 505 in
2100 455 2149 514 Α
2175 451 2363 508 dextra
2388 461 2502 519 tua,
2536 462 2590 508 et
2617 452 2867 525 dejiciam
2902 454 3026 513 tel.
3058 467 3224 529 super
3257 465 3472 519 mentes
3510 458 3791 536 Israelis,

498 561 609 617 qua
638 561 745 601 non
774 557 858 602 est
877 561 1090 611 murus,
1117 559 1293 616 neque
1319 551 1522 611 vectes,
1541 550 1597 599 et
1614 551 1785 613 portae
1813 557 1924 598 non
1944 551 2075 599 sunt

498 638 602 704 eis,
633 638 721 692 12.
752 638 820 693 ad
874 636 1260 710 captivandum
1314 634 1704 707 captivitatem,
1741 643 1798 691 et
1836 635 1900 690 ad
1934 649 2073 706 prae-

496 729 740 783 dandum
781 728 1035 798 praedam}
1055 741 1266 794 eorum,
1296 726 1364 782 ad
1389 725 1816 782 convertendum
1847 740 2071 781 manum

501 834 677 873 meam
712 822 764 873 in
799 828 1002 874 terram
1048 816 1378 883 desolatam,
1435 831 1557 888 quae
1593 815 1840 871 habitata
1873 826 1991 882 est,
2019 828 2073 871 et

499 924 664 981 super
684 919 900 981 gentem
932 919 1314 981 congregatam
1337 923 1405 965 ex
1437 908 1690 981 gentibus
1727 908 1936 974 multis,
1975 908 2072 980 qui

500 998 749 1055 fecerunt
781 1001 1181 1070 possessioneS,
1203 1000 1272 1068 Χ
1304 1009 1360 1056 et
1388 999 1804 1070 acquisitionem
1835 1000 1884 1071 ζ,
1914 999 2073 1055 habi-

498 1101 674 1149 tantes
698 1107 862 1164 super
890 1093 1213 1149 umbilicum
1251 1102 1427 1149 terrae.
1459 1093 1546 1148 15.
1583 1090 1748 1160 Saba,
1781 1103 1835 1147 et
1860 1092 2068 1160 Dadan,

494 1191 553 1239 et
592 1187 953 1255 negotiatores
999 1184 1455 1257 Carthaginenses
1481 1222 1496 1249 .
1527 1185 1588 1258 (i)
1616 1193 1672 1241 et
1711 1200 1901 1244 omnes
1932 1187 2073 1242 villae

497 1290 689 1332 eorum
722 1278 905 1333 dicent
926 1277 1056 1333 tibi:
1081 1277 1456 1347 Captivitatem
1485 1275 1551 1332 ad
1577 1277 1848 1347 captivam
1874 1278 2077 1342 ducen-

497 1366 621 1422 dam
657 1376 714 1423 tu
737 1368 911 1430 venis.
946 1380 1001 1421 et
1032 1365 1098 1421 ad
1142 1364 1499 1436 praedandum
1529 1364 1806 1436 praedam:
1842 1380 2073 1437 congre·

498 1458 636 1526 gasti
664 1457 1141 1527 coitgregationem
1166 1465 1340 1522 tuam,
1368 1455 1433 1510 ad
1456 1454 1754 1510 tollendum
1783 1463 2069 1527 argentum

496 1554 792 1611 etaurum,
822 1546 887 1600 ad
918 1546 1309 1617 acquirendum
1334 1545 1752 1617 acquisitionem
1771 1586 1787 1613 ‚
1823 1547 1891 1602 ad
1927 1562 2069 1619 prte-

493 1634 734 1690 dandum
769 1635 1005 1706 praedam
1041 1636 1110 1704 Χ
1133 1635 1204 1708 (k)
1245 1651 1497 1708 magnam
1520 1638 1573 1707 ζ.
1604 1637 1692 1692 ss.
1715 1634 1943 1707 Propter
1965 1637 2072 1694 hoc

493 1728 776 1798 propheta,
811 1728 888 1783 lili
934 1727 1192 1795 bominis,
1225 1738 1280 1786 et
1318 1729 1407 1785 dic
1451 1728 1518 1785 ad
1569 1727 1733 1800 Gog:
1781 1727 1909 1784 Haec
1934 1729 2069 1785 dicit

2174 552 2230 600 et
2261 544 2423 600 cades
2457 554 2538 608 tu,
2563 554 2617 602 et
2647 560 2862 611 omnes,
2884 549 2979 618 qui
3005 550 3150 621 apud
3179 560 3253 617 te,
3284 561 3342 609 et
3370 561 3591 625 gentes.
3638 570 3793 628 qno

2172 646 2297 687 cum
2333 641 2384 688 te
2408 672 2423 697 ,
2472 631 2751 690 dabuntur
2791 634 2847 694 itt
2882 635 3291 698 multitudinem
3326 643 3517 701 avium
3548 683 3567 708 ,
3608 649 3787 702 omni

2174 722 2403 788 volucri,
2427 732 2483 778 et
2500 724 2977 790 omnibusbestits
3012 732 3189 801 campi
3218 733 3343 788 «ledi
3395 743 3450 792 te
3491 735 3569 792 sd
3594 737 3782 793 devo-

2175 813 2428 868 randum.
2454 814 2507 871 5.
2539 814 2716 886 Super
2754 817 2895 877 racio
2922 821 3101 893 campi
3132 822 3323 888 cades.
3371 826 3503 896 quin
3530 844 3647 899 ego
3694 829 3787 886 Ιο-

2173 911 2333 958 cutus
2365 918 2513 970 sum,
2542 905 2676 961 dicit
2713 905 2984 966 Dominus
3015 909 3296 970 Dominus.
3328 917 3384 972 6.
3430 916 3503 973 Et
3536 920 3781 975 ntittatn

2174 990 2352 1061 ignem
2380 1007 2547 1064 super
2589 993 2803 1067 nagog,
2836 1005 2895 1053 et
2932 997 3322 1058 habitabuntur
3363 1003 3571 1064 insulse
3596 1024 3783 1080 supa

2172 1095 2325 1150 pace,
2355 1092 2411 1138 et
2443 1084 2637 1152 scient,
2659 1085 2806 1157 quod
2832 1102 2937 1159 ego
2972 1105 3096 1148 sum
3133 1094 3415 1152 Dominus.
3456 1097 3515 1152 7.
3546 1097 3631 1153 Et.
3666 1116 3783 1156 no—

2175 1187 2295 1228 men
2320 1186 2569 1231 sanctum
2593 1191 2774 1233 meum
2801 1179 3103 1240 innotescet
3134 1185 3190 1240 in
3225 1188 3405 1245 medio
3425 1191 3635 1261 populi
3656 1193 3783 1249 mei

2172 1260 2411 1332 israelis.
2432 1276 2487 1323 et
2521 1282 2628 1324 non
2679 1269 2956 1341 polluetur
3011 1289 3210 1332 nomen
3257 1287 3511 1336 sanctum
3568 1297 3779 1342 meum

2173 1358 2428 1427 amplius,
2465 1368 2522 1416 et
2551 1360 2726 1416 scient
2757 1361 2832 1436 (o)
2863 1369 3231 1438 gentes.quod
3260 1386 3359 1442 ego
3404 1389 3531 1430 sum
3562 1374 3779 1434 Domi-

2173 1464 2277 1504 nus
2304 1458 2532 1506 sanctus
2560 1449 2797 1510 israelis.
2830 1454 2883 1511 8.
2916 1454 3055 1514 Ecce
3089 1460 3257 1525 venit.
3288 1471 3344 1519 et
3390 1466 3563 1532 scies,
3608 1470 3775 1538 qaod

2170 1541 2296 1606 erit,
2336 1541 2470 1598 dicit
2502 1542 2579 1615 (p)
2610 1544 2874 1604 Dominus
2912 1547 3194 1610 Dominus.
3230 1552 3330 1612 ute
3377 1564 3466 1613 est
3512 1557 3674 1628 dies,
3708 1563 3769 1618 ist

2172 1647 2283 1702 quo
2314 1634 2527 1691 locutus
2547 1651 2691 1693 sum.
2711 1638 2764 1693 9.
2791 1638 3150 1709 Egredientur
3175 1645 3489 1704 habitantes
3505 1650 3565 1705 in
3602 1652 3769 1710 urbi·

2171 1724 2276 1781 bus
2305 1725 2546 1794 Israelis,
2576 1729 2645 1797 Χ
2680 1738 2737 1785 et
2764 1729 3054 1790 incendent
3090 1734 3113 1804 ζ
3149 1743 3204 1791 et
3230 1738 3562 1795 comburent
3584 1742 3647 1796 in
3673 1757 3765 1798 ar·

495 1818 761 1875 Dominus
793 1817 1060 1874 Dominus
1095 1835 1109 1871 2
1135 1818 1326 1875 Nonne
1362 1820 1416 1875 in
1442 1820 1531 1875 die
1562 1820 1674 1890 illo,
1707 1834 1831 1876 cum
1856 1819 2071 1874 babita—
2102 1810 2147 1867 Β
2170 1816 2297 1882 mis,
2342 1816 2396 1872 in
2441 1817 2666 1890 clypeis,
2696 1830 2753 1878 et
2783 1822 2838 1877 in
2881 1823 3107 1892 lanceis,
3135 1835 3194 1883 et
3221 1828 3275 1885 in
3305 1830 3573 1901 arcubus,
3606 1845 3669 1889 et
3702 1837 3759 1891 in

494 1911 634 1965 verit
657 1910 889 1980 populus
918 1924 1073 1965 meus
1106 1909 1270 1966 lsrael
1319 1925 1483 1980 super
1523 1925 1677 1981 pace,
1714 1910 1945 1982 surges?
1982 1909 2065 1966 15.

493 1998 561 2053 Et
585 1999 768 2055 venies
796 2015 863 2055 ex
888 2000 1009 2056 loco
1042 2008 1135 2055 tuo
1169 2001 1239 2056 ab
1262 2009 1507 2057 extremo
1529 2001 1821 2073 aquilonis,
1852 2009 1907 2057 et
1936 2015 2071 2073 gen-

491 2098 574 2146 tes
630 2091 813 2146 multae
860 2106 985 2146 cum
1023 2099 1113 2147 te:
1170 2107 1490 2149 ascensores
1533 2107 1801 2164 equorum
1850 2107 2065 2161 omnes,

489 2181 840 2254 congregatio
871 2196 1089 2253 magna,
1107 2194 1160 2238 et
1185 2183 1357 2240 virtus
1383 2183 1574 2238 multa.
1594 2183 1684 2242 16.
1707 2182 1775 2237 Et
1802 2183 2067 2240 ascendes

489 2286 656 2343 super
697 2272 956 2343 populum
1008 2288 1189 2328 meum
1248 2273 1498 2330 lsraelem
1519 2313 1535 2340 ‚
1584 2273 1728 2329 sicut
1757 2273 1953 2342 nubes,
2006 2281 2067 2330 ut

488 2364 706 2435 operias
748 2373 992 2419 terram:
1027 2365 1083 2420 in
1115 2374 1361 2422 extremo
1397 2365 1609 2421 dierum
1637 2367 1762 2431 erit,
1808 2373 1866 2421 et
1891 2364 2065 2421 addu-

488 2471 607 2511 cam
636 2464 688 2511 te
713 2471 882 2527 super
911 2465 1111 2513 terram
1143 2465 1315 2523 tuam,
1345 2465 1407 2512 ut
1433 2456 1611 2513 sciant
1651 2471 1845 2513 omnes
1873 2463 2065 2529 gentes

489 2561 597 2606 me.
654 2561 780 2602 cum
844 2547 1218 2603 sanctificatus
1272 2546 1429 2603 luero
1490 2547 1546 2602 in
1603 2556 1656 2602 te
1700 2562 1887 2603 coram
1941 2548 2023 2602 eis
2044 2588 2063 2614 ‚

489 2643 556 2707 Χ
587 2637 702 2708 Gog
733 2639 780 2708 ζ.
816 2638 902 2692 17.
945 2637 1072 2695 llaec
1116 2639 1253 2695 dicit
1297 2637 1562 2696 Dominus
1602 2639 1869 2697 Dominus
1905 2652 1969 2696 -t-
1994 2641 2063 2696 ad

485 2729 603 2802 Gog
631 2727 686 2800 ξε
718 2728 798 2785 Tu
828 2746 911 2795 es,
935 2730 1004 2786 de
1031 2746 1140 2801 quo
1166 2730 1382 2786 locutus
1401 2745 1523 2787 sum
1548 2740 1674 2788 ante
1703 2731 1842 2798 dies,
1881 2731 2064 2804 quial)

485 2825 734 2893 antiquo,
754 2837 850 2893 per
873 2837 1096 2877 manum
1148 2835 1434 2878 servorum
1468 2836 1716 2877 meorum
1772 2824 2063 2895 propbeta·

489 2928 611 2970 rum
642 2912 877 2979 Israelis,
905 2915 974 2983 Χ
1005 2913 1100 2985 qui
1127 2913 1153 2984 ζ
1179 2912 1573 2985 prophetarunt
1600 2914 1658 2968 in
1698 2913 1892 2972 diebus
1915 2915 2059 2982 istis,

485 3013 541 3058 et
568 3007 751 3070 annis,
793 3011 853 3060 ut
889 3004 1215 3060 adducerem
1255 3012 1310 3061 te
1330 3018 1494 3075 super
1524 3019 1643 3061 eos.
1669 3004 1756 3060 18.
1786 3004 1853 3062 Et
1880 3008 1985 3062 erit
2008 3007 2060 3061 in

485 3094 575 3149 die
612 3094 706 3149 illo
731 3134 748 3161 ‚
799 3093 853 3148 in
889 3092 978 3149 die
1006 3133 1021 3160 ‚
1074 3108 1184 3165 quo
1219 3094 1427 3148 venerit
1463 3092 1580 3163 Gog
1637 3107 1803 3163 super
1862 3102 2061 3150 terram
2089 3134 2134 3195 G

490 3185 723 3248 israelis.
758 3184 892 3240 dicit
941 3182 1205 3240 Dominus
1262 3182 1549 3251 Dominus,
1606 3184 1862 3240 ascendet
1912 3183 2065 3239 lutor

487 3293 642 3335 meus
664 3280 731 3348 Χ
752 3277 808 3333 in
840 3277 919 3332 ira
944 3292 1063 3332 mea
1089 3274 1138 3345 ζ,
1159 3276 1246 3333 19.
1270 3283 1326 3331 et
1356 3276 1509 3331 zelus
1541 3290 1717 3342 meus,
1738 3276 1793 3331 in
1817 3276 1943 3348 igne
1969 3275 2065 3331 irae

486 3385 622 3427 meae
665 3370 885 3427 locutus
914 3383 1058 3433 sum,
1090 3366 1195 3423 nisi
1227 3365 1282 3421 in
1327 3365 1417 3421 die
1462 3366 1558 3423 illo
1614 3367 1719 3422 erit
1766 3368 2063 3423 commotio

487 3472 683 3528 magna
709 3473 871 3528 super
899 3465 1042 3512 terra
1066 3454 1303 3523 israelis,
1333 3453 1423 3514 20.
1445 3463 1501 3510 et
1521 3454 2063 3512 commovebuntura

488 3548 624 3602 facie
651 3546 713 3617 (Ι)
748 3560 868 3602 mea
913 3548 1094 3617 pisces
1115 3545 1303 3609 maris.
1330 3555 1385 3601 et
1411 3546 1659 3604 volucres
1696 3547 1842 3614 coeli,
1881 3554 1938 3602 et
1965 3547 2064 3602 be-

486 3637 606 3694 stias
634 3637 834 3708 campi.
864 3647 916 3691 et
947 3651 1108 3691 omne
1133 3619 1343 3706 reptile,
1372 3637 1516 3706 quod
1540 3637 1681 3708 repit
1709 3653 1874 3712 super
1896 3649 2060 3705 terra,

484 3737 539 3784 et
571 3743 762 3784 omnes
782 3727 1052 3794 nomines,
1081 3727 1174 3798 qui
1206 3742 1369 3806 super
1394 3728 1533 3784 facie
1553 3737 1733 3795 terroe,
1767 3741 1823 3788 et
1850 3732 2063 3790 discer-

486 3831 681 3891 pentur
707 3827 939 3886 montes,
965 3828 1018 3874 et
1046 3819 1243 3875 cadent
1263 3821 1359 3889 (m)
1390 3820 1576 3890 valles,
1600 3823 1847 3878 etomnis
1870 3839 2063 3880 murus

485 3927 651 3984 super
681 3920 881 3968 terram
908 3911 1067 3968 cadet
1101 3911 1232 3968 221.
1274 3922 1330 3968 et
1360 3912 1567 3968 vocabo
1600 3927 1763 3983 super
1785 3930 1910 3970 eum
1938 3931 2063 3971 om·

375 3998 381 4002 ⁴
488 4019 608 4060 uem
653 4003 1002 4061 formidinem
1065 4005 1226 4076 gladii
1257 4008 1328 4076 Χ
1373 4006 1429 4062 in
1475 4007 1732 4064 omnibus
1783 4009 2063 4065 montibus

486 4098 624 4152 meis
656 4096 707 4166 ζ,
749 4099 882 4155 dicit
927 4096 1194 4155 Dominus
1227 4097 1530 4155 Dominus:
1569 4099 1783 4170 gladius
1819 4099 2060 4158 bominis

487 4203 653 4261 super
675 4187 900 4245 fratrem
919 4206 1078 4247 suum
1101 4189 1224 4246 crit.
1246 4188 1336 4245 22.
1359 4189 1427 4245 Et
1435 4191 1695 4261 judicabo
1717 4208 1842 4260 eum
1861 4203 2058 4260 morte,

485 4292 541 4338 et
567 4283 854 4355 sangnine,
887 4292 943 4338 et
971 4282 1151 4353 pluvia
1177 4281 1496 4350 inundante,
1521 4291 1577 4340 et
1603 4284 1874 4355 lapidibus
1893 4302 2059 4360 gran·

484 4379 636 4434 dinis
689 4382 747 4427 et
793 4373 996 4442 ignem,
1043 4379 1100 4426 et
1136 4371 1367 4442 sulphur
1400 4372 1590 4443 pluere
1643 4373 1841 4432 faciam
1895 4392 2062 4450 snper

2168 1908 2403 1979 sagittis,
2432 1911 2562 1964 etin
2592 1910 2804 1970 baculis
2827 1930 3109 1983 manuum,
3139 1928 3195 1974 et
3214 1919 3270 1974 in
3296 1921 3495 1991 hastis,
3534 1933 3597 1980 et
3626 1940 3761 1983 snc-

2168 2000 2402 2055 cendent
2422 2000 2477 2056 in
2505 2001 2588 2060 eis
2615 2002 2795 2074 ignem
2832 2015 3037 2076 septem
3068 2012 3249 2077 annis,
3286 2013 3376 2069 10.
3419 2023 3477 2069 et
3510 2030 3628 2072 non
3656 2033 3759 2074 su·

2167 2100 2317 2147 ment
2350 2091 2494 2163 ligna
2516 2107 2583 2148 es
2628 2109 2844 2167 campo,
2871 2111 3051 2169 neque
3078 2099 3287 2158 cadent
3318 2117 3385 2159 ex
3432 2105 3619 2173 silvis.
3658 2109 3755 2164 sed

2167 2194 2318 2238 arma
2353 2185 2676 2240 comburent
2701 2186 2859 2258 igne:
2891 2199 2947 2246 et
2972 2191 3215 2261 captivos
3244 2193 3449 2252 ducent
3490 2196 3625 2263 hos,
3655 2200 3754 2270 qui

2167 2274 2412 2344 captivos
2460 2273 2741 2334 «luxerunt
2788 2293 2907 2345 eos,
2941 2290 2997 2336 et
3047 2283 3438 2353 praedabuntur
3466 2287 3599 2356 hos.
3654 2292 3753 2362 qui

2166 2367 2391 2439 praedati
2429 2377 2559 2424 sunt
2587 2385 2703 2438 eos,
2750 2370 2887 2428 dicit
2932 2372 3200 2434 Dominus
3236 2377 3525 2437 Dominus.
3552 2381 3652 2438 11.
3688 2383 3755 2440 Et

2165 2453 2270 2511 erit
2294 2455 2353 2512 in
2387 2455 2476 2515 die
2505 2458 2617 2522 illo.
2648 2460 2791 2516 dabo
2816 2461 2934 2534 Gog
2960 2462 3141 2522 locum
3166 2468 3536 2540 nominatum,
3560 2478 3752 2545 sepul·

2166 2559 2321 2601 crum
2348 2546 2403 2601 in
2436 2547 2635 2605 israele
2658 2551 2731 2621 (q)
2777 2554 3026 2623 sepulcra
3053 2569 3265 2625 eorum,
3302 2561 3398 2630 qui
3425 2565 3755 2623 ceciderunt

2165 2653 2330 2712 super
2366 2656 2484 2699 eam
2517 2660 2639 2715 quae
2661 2642 2806 2712 apud
2836 2659 3009 2712 mare.
3040 2654 3097 2701 et
3116 2646 3462 2708 odilicsbunt
3483 2656 3753 2714 obstacu-

2164 2731 2278 2788 lum
2311 2735 2595 2793 crivellis.
2622 2737 2709 2794 ¹2.
2742 2740 2814 2810 (r)
2835 2741 2903 2796 Et
2928 2741 3206 2801 defodient
3236 2761 3362 2803 eum
3404 2747 3483 2806 ibl
3508 2749 3671 2823 Gog,
3698 2764 3755 2811 α

2164 2838 2380 2881 omnem
2425 2826 2826 2887 multitudinem
2854 2832 2996 2904 ejus,
3023 2843 3080 2891 et
3127 2837 3415 2896 suestanu-
3453 2838 3634 2898 Τεΐη
3662 2860 3755 2901 se-

2164 2914 2339 2986 pulcri
2372 2916 2507 2989 Gog.
2543 2917 2630 2975 13.
2659 2919 2729 2976 Et
2750 2920 3033 2981 defodient
3058 2941 3160 2984 eos
3183 2928 3378 2987 domus
3402 2928 3654 3002 Israelis,
3691 2947 3755 2994 ut

2166 3008 2461 3066 mundetur
2487 3018 2634 3068 terra
2676 3013 2732 3068 in
2758 3023 2966 3085 septem
3016 3020 3325 3086 mensibus,
3374 3033 3429 3078 et
3461 3023 3757 3084 defodiens

2165 3112 2262 3156 eos
2285 3103 2468 3158 omnis
2496 3104 2730 3173 populus
2752 3113 2930 3173 terrae,
2958 3117 3014 3166 et
3032 3111 3138 3167 erit
3167 3112 3249 3168 eis
3276 3112 3333 3168 in
3362 3113 3753 3176 celebritatem

2165 3188 2305 3256 dies,
2329 3207 2450 3276 quo
2467 3193 2801 3263 glorificatus
2824 3212 2970 3264 sum.
3005 3200 3137 3259 dicit
3164 3200 3429 3260 Dominus
3450 3206 3755 3269 Dominus.

2168 3279 2254 3336 ss.
2286 3281 2351 3338 Et
2372 3284 2517 3342 viros
2540 3301 2755 3357 semper
2784 3301 3091 3360 secerneut,
3122 3294 3216 3364 qni
3250 3297 3603 3357 circumeunt
3636 3313 3755 3360 ter·

2164 3383 2306 3439 ram,
2346 3380 2407 3428 ut
2454 3375 2720 3445 sepeliant
2756 3380 2825 3447 Χ
2871 3394 2995 3436 cum
3044 3383 3518 3444 circumeuntibus
3561 3389 3747 3459 teos.

2164 3463 2258 3532 qui
2287 3467 2647 3523 remanserint
2668 3483 2831 3540 super
2857 3469 2995 3529 facie
3023 3483 3201 3543 terrae,
3246 3488 3309 3532 ut
3330 3480 3598 3537 mundent
3617 3499 3745 3541 eam

2162 3563 2284 3624 post
2313 3566 2519 3626 septem
2546 3573 2785 3625 menses,
2807 3570 2861 3615 et
2890 3573 3155 3633 quat-ent.
3197 3565 3286 3622 15.
3322 3566 3527 3626 Omnes
3554 3582 3749 3628 trans-

2162 3655 2359 3703 euntes
2384 3649 2608 3715 terram,
2640 3660 2695 3705 et
2720 3667 2847 3709 cum
2881 3655 3077 3713 viderit
3111 3671 3177 3716 os
3206 3659 3467 3728 bominis,
3502 3665 3747 3721 milles-

2162 3736 2242 3793 bit
2279 3738 2422 3808 apud
2452 3740 2607 3795 illum
2636 3742 2877 3811 signum,
2908 3745 3084 3804 donec
3110 3749 3378 3821 sepeliant
3404 3752 3532 3808 illud
3570 3769 3741 3827 sepe-

2165 3829 2359 3887 lientes
2375 3830 2428 3885 in
2448 3829 2615 3888 Terra
2641 3835 2879 3905 sepulcri
2897 3835 3033 3910 Gog.
3064 3838 3151 3897 16.
3180 3839 3395 3900 Etenim
3422 3858 3600 3899 nomen
3624 3861 3729 3901 ms

2164 3921 2249 3978 bis
2277 3926 2343 3996 (s)
2373 3923 2695 3996 Sepulcrum
2728 3944 2743 3981 τ
2774 3937 2830 3984 et
2858 3929 3212 3988 mundabitur
3242 3943 3408 3991 terra.
3434 3937 3513 3991 11.
3538 3932 3604 3989 Et
3634 3947 3725 4006 tn.

2163 4014 2239 4071 lili
2265 4016 2525 4083 bominis,
2552 4018 2668 4075 baec
2690 4019 2824 4077 dicit
2845 4019 3108 4080 Dominus
3137 4024 3403 4083 Dominus
3426 4042 3442 4082 ε
3464 4026 3558 4083 Dic
3575 4027 3735 4085 ouini

2162 4106 2249 4160 avi
2281 4105 2509 4174 volatili,
2534 4117 2590 4164 et
2620 4107 2690 4164 ad
2726 4124 2918 4168 omnes
2940 4107 3148 4169 b‘estias
3180 4118 3359 4187 campi
3390 4132 3403 4171 :
3435 4115 3745 4190 Congrega·

2162 4198 2319 4263 mini,
2355 4209 2411 4256 et
2441 4199 2643 4266 venite,
2673 4203 3081 4274 congregamini
3104 4205 3177 4260 ab
3196 4207 3471 4275 omnibus,
3492 4224 3619 4280 que
3645 4225 3739 4281 per

2161 4289 2472 4356 circuitum,
2501 4306 2667 4362 super
2695 4292 2971 4350 victimam
2999 4309 3198 4366 meant,
3229 4313 3391 4368 quam
3410 4314 3515 4371 ego
3536 4301 3735 4358 immo-

2162 4381 2270 4437 lavi
2304 4383 2481 4445 vobis‚
2522 4381 2797 4437 victimam
2832 4399 3085 4456 magnam
3117 4403 3284 4459 super
3309 4401 3531 4448 montes
3560 4392 3737 4451 lsrae-

487 4478 635 4528 cnm,
666 4470 722 4517 et
739 4477 908 4533 super
944 4476 1158 4528 omnes,
1189 4462 1280 4532 qui
1312 4477 1433 4517 cum
1460 4479 1547 4529 eo,
1580 4473 1636 4520 et
1666 4481 1831 4536 super
1868 4478 2060 4539 gentes
2090 4470 2135 4526 D
2164 4474 2254 4539 lis,
2291 4481 2347 4527 et
2371 4473 2672 4528 comedetis
2710 4487 2931 4544 carnes,
2959 4489 3015 4534 et
3042 4479 3234 4538 bibetis
3257 4479 3605 4555 sanguinem.
3650 4487 3735 4542 18.

491 4553 690 4608 multas
721 4566 845 4606 cum
871 4567 957 4606 eo.
988 4550 1077 4606 25.
1107 4551 1172 4607 Et
1209 4554 1618 4623 magnificabor.
1669 4567 1725 4613 et
1749 4558 2059 4616 sanctifica-

488 4646 607 4712 bor,
642 4655 705 4699 -t-
730 4650 786 4697 et
817 4642 1166 4712 glorificabor
1191 4644 1240 4714 ζ,
1271 4653 1326 4699 et
1354 4646 1690 4704 innotescam
1712 4666 1898 4707 coram
1928 4668 2059 4725 gen—

486 4741 636 4797 tibus
661 4735 870 4801 multis,
900 4743 958 4791 et
989 4735 1184 4803 scient,
1214 4739 1361 4808 quod
1406 4754 1508 4810 ego
1533 4755 1656 4796 sum
1700 4743 1985 4800 Dominus.

555 4832 691 4903 Cap.
722 4827 970 4886 XXXlX.
1000 4858 1070 4870 -
1098 4827 1150 4883 1.
1198 4828 1265 4887 Et
1292 4840 1372 4899 tu,
1402 4831 1477 4887 nti
1499 4832 1757 4901 hominis,
1795 4836 2056 4908 propbeta

487 4938 656 4996 supet·
680 4921 818 4993 Gog.
853 4930 908 4976 et
933 4920 1022 4978 dic
1053 4938 1067 4976 ε
1101 4918 1229 4977 llaec
1262 4922 1396 4978 dicit
1446 4921 1715 4981 Dominus
1739 4924 2006 4983 Dominus
2037 4942 2053 4980 t

485 5015 627 5073 Ecce
658 5030 758 5084 ego
781 5029 946 5085 super
972 5024 1044 5078 te,
1068 5012 1204 5082 cog,
1227 5015 1527 5086 principem
1564 5014 1700 5081 Ros,
1730 5015 1974 5084 Hosoclt,
2003 5027 2060 5076 et

486 5104 716 5173 Titobel,
749 5106 803 5161 Ξ.
842 5114 900 5161 et
934 5106 1274 5176 congregabo
1302 5116 1375 5175 te,
1399 5116 1453 5164 et
1482 5108 1752 5164 deducam
1779 5118 1862 5174 te,
1891 5120 1945 5166 et
1969 5111 2056 5167 la·

488 5196 627 5252 ciam
653 5197 947 5254 ascendere
970 5206 1022 5252 te
1041 5195 1111 5252 ab
1126 5208 1371 5256 extremo
1398 5200 1691 5271 aquilonis,
1711 5209 1768 5255 et
1789 5202 2054 5262 adducam

490 5295 545 5342 te
587 5301 751 5358 super
797 5299 1010 5346 montes
1040 5286 1273 5346 lsi-selis.
1307 5291 1361 5346 5.
1393 5293 1472 5362 (n)
1506 5290 1574 5346 Et
1615 5294 1836 5362 perdam
1866 5311 2054 5356 arcum

492 5384 646 5432 tuum
665 5378 733 5434 de
751 5394 916 5437 manu
937 5391 1027 5437 tua
1054 5379 1298 5448 sinistra,
1324 5390 1379 5437 et
1405 5381 1633 5453 sagittas
1655 5390 1778 5440 tuas
1800 5384 1869 5443 de
1889 5403 2054 5446 mann

491 5559 571 5629 (n)
649 5568 753 5639 ,et
778 5566 1072 5622 excutiam.
1151 5567 1464 5636 (o)0mnes.

495 5637 778 5685 tmusttus.
883 5634 954 5703 (r)
991 5636 1336 5709 &sepelient
1384 5652 1529 5693 eum.
1625 5649 1693 5712 (s)
1740 5641 1800 5699 8.

493 5699 867 5775 pulchrorum.

560 5488 625 5613 (ἓ
661 5487 744 5555 8.,
786 5501 841 5547 et
870 5508 1060 5551 omnes
1087 5494 1382 5567 perniciosi
1413 5496 1599 5553 leones
1626 5497 1766 5570 ejus.
1863 5501 1936 5574 (k)
1969 5505 2051 5575 8.,
2094 5510 2287 5566 multa.
2363 5511 2428 5582 (t)
2466 5507 2702 5564 Domini.

2163 4565 2368 4622 Carnes
2401 4565 2681 4636 gigantum
2715 4570 3031 4640 comedetis,
3070 4582 3127 4629 et
3175 4579 3494 4647 sanguinem
3530 4581 3737 4650 princi-

2162 4670 2292 4727 pum
2322 4663 2483 4712 terrae
2511 4656 2730 4724 bibetis,
2759 4664 2982 4728 arietes,
3031 4674 3087 4721 et
3109 4665 3331 4732 vitulos,
3365 4677 3420 4725 et
3444 4667 3650 4737 itit-eos,
3682 4684 3737 4728 et

2162 4762 2365 4819 agnos.
2401 4748 2466 4822 (t)
2497 4759 2554 4806 et
2582 4751 2998 4826 vituli-‘pingues
3029 4771 3241 4824 omnes.
3270 4759 3358 4817 19.
3392 4770 3450 4817 et
3479 4769 3740 4821 comede-

2163 4841 2235 4899 tis
2268 4841 2485 4913 adipem
2518 4844 2585 4900 ad
2610 4847 2972 4914 saturitatem,
2998 4856 3055 4904 et
3081 4851 3282 4908 bibetis
3316 4854 3640 4925 sanguinem
3669 4859 3741 4916 ad

2164 4930 2484 4991 ebrietatem
2512 4935 2582 4990 de
2602 4936 2823 4993 victima
2858 4952 3003 5005 mes,
3047 4955 3212 5013 qnam
3243 4943 3522 5001 immolavi
3560 4948 3739 5007 vobis.

2162 5025 2252 5084 20.
2272 5025 2708 5100 Etimplebimini
2726 5041 2891 5101 super
2910 5046 3100 5090 mensa
3124 5049 3268 5100 mea.
3292 5051 3519 5108 equum.
3546 5053 3743 5096 ascen-

2163 5133 2363 5185 sorem,
2422 5120 2732 5188 robustum,
2783 5129 2837 5177 et
2893 5136 3113 5180 omnem
3164 5124 3343 5182 vit-nm
3392 5127 3739 5198 bellatorem.

2162 5209 2296 5266 dicit
2318 5211 2579 5268 Dominus
2606 5211 2893 5270 Dominus.
2920 5214 3012 5271 2¹.
3042 5214 3110 5273 Et
3138 5217 3282 5273 daho
3300 5218 3531 5290 gloriam
3560 5238 3739 5282 meam

2163 5301 2218 5358 in
2247 5303 2423 5384 vobis,
2440 5313 2496 5360 et
2516 5303 2776 5359 videbunt
2802 5320 2995 5364 omnes
3015 5318 3204 5379 gentes
3222 5309 3494 5380 Judieium
3528 5329 3742 5386 meum,

2168 5395 2315 5466 quod
2338 5394 2465 5459 feci,
2486 5405 2543 5451 et
2562 5410 2784 5451 manum
2808 5411 3006 5467 meam,
3034 5415 3200 5471 quam
3222 5400 3413 5460 induxi
3442 5420 3743 5477 supet-eos,

2806 5512 2903 5586 (m)
2930 5514 3020 5584 8.,
3050 5518 3348 5576 valleculzn'.
3393 5519 3521 5585 rte..
3552 5537 3741 5594 sepes.

1571 5571 1646 5642 (p)
1672 5571 1901 5630 Adonai.
1996 5579 2070 5649 (q)
2094 5577 2177 5647 8.,
2212 5580 2404 5635 vallem
2443 5583 2771 5638 transituum
2802 5585 2874 5640 ab
2906 5587 3116 5643 oriente
3149 5591 3337 5654 maris.
3377 5605 3502 5664 qute
3530 5593 3746 5653 claudis

1810 5685 1823 5712 ,
1867 5647 2175 5706 multitudo.
2207 5648 2331 5714 ¹110„
2368 5646 2769 5726 llebanmona.
2868 5654 2937 5727 (tl
2972 5654 3059 5724 8.,
3100 5659 3395 5719 vitulorum
3425 5659 3743 5723 cibatur-am
