3967 6217
235 324 384 386 w

1656 316 1884 376 CAPUT
1918 316 2014 375 m.

3352 323 3496 384 2858

315 435 407 493 78.
437 434 726 507 Εὑλογεῖτε
754 431 1058 505 ἀστραπαὶ,
1086 432 1183 489 καὶ
1206 431 1427 506 νεφίλαι
1466 431 1564 488 τὸν
1597 431 1824 506 Κύριον,
1853 433 1904 492 Δ
1995 429 2089 487 73.
2127 428 2438 493 Benedicite
2466 431 2705 507 fulgura,
2749 442 2806 493 et
2835 433 3011 493 nubes
3066 433 3322 505 Domino,
3379 387 3495 500 latn'·

238 528 488 599 ὑμνεῖτε,
523 528 623 583 καὶ
657 524 1005 598 ὑπερυψοῦτε
1037 524 1205 582 αὑτὸν
1231 526 1314 590 εἰς
1342 525 1474 589 τοὺς
1498 522 1725 588 αἰῶνας.

316 620 406 678 7⁴.
428 620 720 692 Εὑλογήτω
744 620 779 691 ἡ
798 618 873 690 γῆ
892 618 985 674 τὸν
1005 615 1232 690 Κύριον,
1264 615 1523 688 ὑμνείτω,
1549 615 1644 672 καὶ
1658 615 1829 687 ὑπερ-

237 709 463 784 υψούται
480 710 644 767 αὑτὸν
669 711 753 775 εἰς
788 710 917 773 τοὺς
949 708 1175 775 αἰῶνας.

314 802 407 862 75.
432 801 719 873 Εύλογείτε
738 800 866 874 ὅρη,
892 800 996 856 καὶ
1011 800 1198 873 βουνοὶ
1220 801 1314 856 τὸν
1337 799 1565 875 Κύριον,
1580 801 1822 874 ὑμνεῖτε,

240 894 344 951 καὶ
371 891 714 968 ὑπερυψοῦτε
751 893 917 948 αὑτὸν
945 894 1031 958 εἰς
1055 894 1185 959 τοὺς
1211 892 1439 959 αἰῶνας.

320 986 408 1044 w.
443 985 733 1055 Εὑλογεῖτε
780 985 961 1044 πάντα
1015 985 1088 1042 τὰ
1119 988 1368 1058 φυόμενα
1412 988 1473 1042 ἰν
1521 986 1590 1058 τῇ
1626 986 1699 1058 γῇ
1731 984 1826 1040 τὸν

1924 519 2071 588 date,
2105 530 2161 579 et
2183 525 2581 597 superexaltate
2612 540 2739 583 eum
2766 525 2821 582 in
2850 524 3072 582 saecuia.

1997 613 2087 671 74.
2125 611 2420 675 Benedicat
2455 626 2605 674 terra
2657 617 2911 686 Domino,
2944 616 3150 687 laudet,
3189 627 3248 675 et
3303 633 3495 690 supero

1924 705 2127 763 exaltet
2158 722 2286 765 eum
2316 709 2373 766 in
2401 711 2628 768 saecula.

1995 798 2084 856 75.
2119 798 2430 859 Benedicite
2453 811 2687 869 montes,
2712 808 2768 858 et
2785 800 2951 859 colles
2975 800 3230 866 Domino,
3255 797 3492 867 laudate,

1922 896 1981 946 et
2003 892 2401 961 superexaltate
2436 907 2562 950 eum
2589 894 2645 949 in
2675 893 2895 951 saecula.

1995 980 2085 1035 76.
2124 981 2439 1039 Benedicite
2508 983 2767 1041 universa
2818 982 3183 1056 germinantia
3228 982 3287 1039 in
3348 990 3495 1038 terra

243 1077 476 1150 Κύριον,
524 1076 768 1148 ὑμνεῖτε,
821 1077 922 1132 καὶ
975 1076 1321 1151 ὑπερυψοῦτε
1365 1076 1533 1134 αὐτὸν
1578 1077 1661 1143 εἰς
1699 1078 1826 1142 τοὺς
1925 1070 2181 1142 Domino,
2212 1074 2454 1145 laudate,
2479 1084 2536 1134 et
2561 1076 2964 1150 superexaltate
2980 1091 3105 1133 eum
3136 1077 3192 1133 in
3215 1075 3439 1134 saecula.

239 1170 730 1328 Ὓὲὺλογεῖτε
755 1257 815 1314 αἰ
843 1256 1024 1330 πηγαὶ
1050 1256 1142 1311 τὸν
1165 1256 1395 1331 Κύριον,
1426 1256 1647 1330 ὑμνεῖτε
1662 1298 1680 1326 ,
1726 1257 1825 1314 καί

244 1347 590 1423 ὑπερυψοῦτε
617 1348 783 1406 αὐτὸν
806 1350 889 1413 εἰς
913 1348 1044 1414 τοὺς
1072 1349 1302 1412 αἰῶνας.

320 1442 408 1500 78.
440 1442 732 1512 Εὑλογεῖτε
764 1440 1054 1507 θάλασσαι,
1073 1440 1174 1496 καὶ
1209 1437 1449 1511 ποταμοὶ
1472 1439 1567 1494 τὸν
1594 1438 1820 1512 Κύριον,

240 1532 490 1606 ὑμνεῖτε,
517 1534 616 1589 καὶ
645 1528 990 1606 ὑπερυψοῦτε
1024 1529 1187 1584 αὑτὸν
1222 1532 1305 1595 εἰς
1333 1530 1463 1594 τοὺς
1489 1528 1715 1596 αἰῶνας.

314 1624 405 1682 79.
439 1622 732 1693 Εύλογεῖτε
783 1623 920 1694 κήτη
945 1660 962 1688 ,
1011 1620 1109 1677 καὶ
1138 1620 1319 1676 πάντα
1341 1620 1413 1676 τὰ
1440 1621 1734 1693 κινούμενα
1761 1622 1822 1677 ἰν

1997 1248 2087 1305 77.
2125 1246 2436 1309 Benedicite
2470 1250 2651 1309 fontes
2685 1250 2939 1322 Domino,
2965 1251 3207 1320 landate,
3228 1261 3506 1325 etsuper·

1920 1340 2159 1396 exaltate
2187 1355 2314 1397 eum
2347 1342 2404 1397 in
2442 1343 2689 1400 saecula.‘

1994 1430 2083 1488 78.
2124 1430 2433 1490 Benedicite
2456 1432 2651 1501 maria,
2672 1442 2728 1490 et
2748 1432 2973 1492 flumina
2985 1435 3238 1504 Domino,
3257 1437 3495 1503 landate,

1920 1532 1975 1581 et
2005 1524 2404 1595 superexaltate
2433 1540 2558 1582 eum
2580 1526 2635 1581 in
2668 1526 2888 1583 soecuia.

1995 1615 2085 1675 79.
2122 1615 2434 1674 Benedicite
2454 1625 2596 1684 cete,
2624 1627 2683 1675 et
2717 1618 2924 1688 omnia,
2951 1634 3076 1692 quae
3122 1628 3409 1676 moventur
3440 1620 3497 1676 in

240 1717 358 1780 τοῖς
391 1713 549 1770 ὕδασι
577 1713 670 1768 τὸν
704 1709 932 1783 Κύριον,
965 1709 1205 1784 ὑμνεῖτε,
1232 1712 1328 1767 καὶ
1358 1711 1702 1785 ὑπερυψοῦτε
1720 1713 1820 1768 αὑ-
1922 1708 2084 1781 aquis
2110 1709 2365 1780 Domino,
2385 1709 2623 1779 laudate,
2652 1719 2709 1768 et
2735 1712 3141 1783 superexaltate
3169 1727 3295 1772 eum
3320 1709 3377 1767 in
3396 1728 3499 1769 sae-

245 1807 340 1862 τὸν
363 1807 446 1871 εἰς
469 1806 598 1869 τοὺς
628 1804 854 1868 αἰῶνας.

317 1897 410 1955 80.
451 1894 738 1965 Εὑλογεῖτε
764 1895 940 1952 πάντα
982 1894 1052 1950 τὰ
1095 1893 1326 1949 πετεινὰ
1352 1894 1444 1950 τοῦ
1473 1894 1705 1968 ούρανοῦ
1731 1894 1824 1950 τὸν

251 1987 481 2060 Κύριον,
539 1986 758 2058 ὑμνεῖτε
783 2025 801 2053 ,
846 1987 944 2042 καί
976 1984 1323 2058 ὑπερυψοῦτε
1366 1984 1528 2040 αὑτὸν
1567 1986 1649 2050 εἰς
1695 1986 1826 2050 τοὺς

244 2078 467 2143 αἰῶνας.

315 2170 407 2228 8¹.
441 2168 730 2240 Εὑλογεῖτε
760 2167 940 2225 πάντα
976 2166 1047 2222 τὰ
1089 2166 1276 2239 θηρία,
1296 2167 1394 2223 καὶ
1424 2167 1495 2222 τὰ
1524 2166 1694 2240 κτήνη
1730 2167 1822 2222 τὸν

243 2262 474 2334 Κύριον,
504 2262 744 2333 ὑμνεῖτε,
775 2260 871 2316 καί
893 2259 1235 2332 ὑπερυψοῦτε
1253 2259 1415 2315 αὑτὸν
1435 2260 1515 2325 εἰς
1541 2260 1671 2325 τοὺς
1692 2258 1824 2314 αἰῶ-

241 2370 361 2418 νας.

311 2442 402 2499 82.
435 2441 725 2513 Βὺλογεῖτε
771 2441 882 2497 υἰοί
933 2441 1044 2495 τῶν
1091 2439 1397 2513 ἀνθρώπων
1444 2441 1540 2497 τὸν
1593 2440 1820 2516 Κύριον,

239 2533 481 2608 ὑμνεῖτε,
499 2535 596 2590 καί
627 2533 973 2608 ὑπερυψοῦτε
1002 2534 1166 2589 αὑτὸν
1183 2535 1265 2598 εἰς
1288 2534 1417 2598 τοὺς
1453 2532 1679 2597 αἰῶνας.

308 2625 399 2682 85.
425 2624 714 2697 Εὑλογεῖτε
761 2627 872 2681 υἰοί
912 2624 1130 2699 Ἰσραὴλ
1161 2625 1253 2681 τὸν
1302 2623 1530 2699 Κύριον,
1578 2626 1818 2698 ὑμνεῖτε,

237 2718 339 2773 καὶ
369 2717 714 2789 ὑπερυψοῦτε
738 2718 901 2774 αὑτὸν
933 2720 1013 2782 εἰς
1032 2719 1163 2782 τοὺς
1186 2717 1409 2782 αἰῶνας.

308 2808 403 2865 8⁴.
442 2806 733 2877 Εὑλογείτε
783 2808 954 2879 ἰερεῖς
1002 2805 1096 2862 τὸν
1146 2806 1373 2878 Κύριον,
1431 2806 1675 2876 ὑμνεῖτε,
1725 2805 1821 2863 καὶ

236 2897 584 2970 ὑπερυψοῦτε
603 2898 767 2954 αὐτὸν
796 2901 878 2962 εἰς
909 2897 1038 2963 τοὺς
1065 2896 1290 2962 αἰῶνας.

309 2988 399 3045 85.
421 2989 709 3056 Βὺλογεῖτε
732 2987 908 3042 δοῦλοι
954 2987 1163 3058 Κυρίου
1196 2987 1288 3041 τὸν
1319 2986 1544 3059 Κύριον,
1576 2986 1819 3058 ὑμνεῖτε,

236 3078 338 3136 καὶ
359 3077 706 3151 ὑπερυψοῦτε
726 3077 890 3132 αὑτὸν
921 3076 1001 3141 εἰς
1031 3077 1159 3141 τοὺς
1182 3076 1407 3142 αἰῶνας.

312 3170 402 3227 86.
438 3170 725 3240 Εὑλογεῖτε
764 3168 1073 3241 πνεύματα,
1107 3167 1205 3222 καὶ
1256 3167 1431 3238 ψυχαὶ
1479 3166 1705 3222 δικαίων
1726 3168 1821 3225 τὸν

236 3263 469 3337 Κύριον,
499 3264 742 3336 ὑμνεῖτε,
764 3264 861 3319 καὶ
880 3259 1224 3335 ὑπερυψοῦτε
1246 3259 1413 3315 αὑτὸν
1433 3261 1513 3325 εἰς
1538 3262 1666 3326 τοὺς
1686 3262 1822 3317 αἰῶ-

238 3371 363 3422 ”GC-

313 3444 405 3500 87.
437 3444 728 3512 Εύλογεῖτε
753 3444 914 3509 ὅσιοι,
959 3443 1058 3498 καὶ
1092 3442 1344 3497 ταπεινοὶ
1383 3443 1450 3514 τῇ
1491 3442 1693 3515 καρδίᾳ
1730 3444 1823 3499 τὸν

239 3535 470 3606 Κύριον,
498 3534 740 3604 ὑμνεῖτε,
764 3533 861 3589 καὶ
885 3532 1227 3605 ὑπερυψοῦτε
1250 3531 1413 3588 αὑτὸν
1434 3534 1515 3597 εἰς
1538 3532 1665 3598 τοὺς
1690 3532 1823 3590 αἰῶ·

240 3642 364 3691 νας.

310 3717 403 3775 88.
439 3716 724 3787 Εὑλογεῖτε
762 3717 1003 3784 Ἁνανία,
1043 3717 1293 3792 Ἀζαρία,
1333 3717 1556 3792 Μισαὴλ
1590 3717 1683 3773 τὸν
1704 3717 1820 3775 Κύ-

240 3826 379 3882 ριον,
417 3810 641 3881 ὑμνεῖτε
662 3849 678 3876 ,
719 3809 817 3864 καί
854 3808 1197 3881 ὑπερυψοῦτε
1222 3810 1387 3865 αὑτὸν
1408 3811 1488 3875 εἰς
1515 3811 1644 3875 τοὺς
1679 3810 1819 3865 αἰῶ-

237 3918 357 3967 νας.
395 3901 518 3957 Ὅτι
538 3901 810 3975 ἐρρύσατο
833 3902 983 3973 ἡμᾶς
1018 3901 1080 3968 ἐξ
1106 3901 1260 3975 ᾅδου,
1292 3903 1390 3957 καὶ
1414 3904 1481 3956 ἐκ
1507 3902 1690 3975 χειρὸς
1716 3902 1806 3957 θα·

237 3989 401 4045 νάτου
434 3989 640 4046 ἔσωσεν
665 3992 847 4066 ἡμᾶς·
894 3991 992 4045 καί
1030 3991 1304 4064 ἐρρύσατο
1348 3992 1496 4064 ἡμᾶς
1549 3994 1617 4048 ὲκ
1648 3991 1818 4063 μέσου

237 4081 536 4155 καιομένης
574 4081 795 4153 φλογὸς,
848 4081 948 4138 καὶ
999 4084 1065 4138 bx
1111 4083 1283 4154 μέσου
1326 4084 1498 4156 πυρὸς
1549 4077 1820 4157 ἐρρύσατο

310 4264 401 4322 89.
449 4262 893 4335 Ἐξομολογεῖσθε
946 4263 1026 4337 τῷ
1054 4263 1283 4338 Κυρίῳ,
1326 4265 1409 4320 ὅτι
1436 4265 1704 4337 χρηστὸς,
1734 4267 1816 4322 ὅτι

238 4356 322 4420 εἰς
350 4355 444 4409 τὸν
472 4355 643 4410 αἰῶνα
670 4355 732 4410 τὸ
762 4356 913 4421 ἔλεος
939 4357 1127 4413 αὑτοῦ.

1850 1779 1896 1838 Β
1923 1803 2067 1860 cula.

1992 1894 2082 1951 80.
2126 1894 2436 1952 Benedicite
2489 1908 2683 1953 omnes
2741 1896 2995 1954 volucres
3058 1895 3186 1953 coeii
3243 1895 3497 1962 Domino,

1922 1986 2165 2055 laudate,
2196 1994 2253 2043 et
2284 1988 2689 2059 superexaltate
2720 2002 2848 2044 eum
2879 1986 2936 2043 in
2968 1988 3192 2046 saecula.

1992 2158 2085 2215 81.
2123 2157 2437 2216 Benedicite
2460 2173 2655 2218 omnes
2689 2159 2902 2228 bestiae,
2941 2169 2998 2217 et
3027 2173 3223 2231 pecora
3238 2156 3493 2228 Domino,

1922 2250 2161 2320 laudate,
2191 2260 2247 2308 et
2275 2251 2675 2324 superexaltate
2704 2251 2908 2309 eumin
2940 2252 3159 2309 saecula.

1993 2412 2089 2509 82ss
2123 2450 2434 2509 nenedietoe
2458 2451 2556 2509 nm
2587 2453 2875 2511 hominum
2898 2453 3153 2520 nomino,
3186 2451 3498 2517 nudate,ae

1921 2540 2327 2611 superexaltate
2351 2555 2476 2596 eum
2504 2541 2561 2597 in
2590 2541 2813 2599 saecuta.

1993 2632 2086 2690 85.
2126 2630 2438 2689 Benedicite
2488 2632 2585 2688 mii
2617 2631 2787 2690 lsrael
2841 2632 3076 2691 Domino
3102 2672 3120 2702 ,
3161 2632 3401 2698 laudate,
3443 2640 3500 2688 et

1922 2724 2327 2797 superexaltate
2359 2738 2485 2782 eum
2522 2725 2578 2780 in
2607 2725 2830 2782 saecula.

1994 2816 2086 2873 84.
2126 2815 2441 2874 Benedicite
2469 2817 2787 2875 sacerdotes
2840 2814 3077 2875 Domino
3100 2855 3119 2873 .
3166 2815 3410 2882 laudate,
3442 2825 3500 2873 et

1920 2906 2324 2976 superexaltate
2353 2920 2481 2961 eum
2509 2905 2568 2961 in
2601 2906 2823 2963 saecula.

1993 2996 2085 3053 85.
2125 2995 2436 3053 Benedicite
2471 2997 2616 3053 servi
2653 2997 2868 3055 Domini
2897 2997 3155 3066 Domino,
3189 2997 3500 3063 laudatc‚et

1847 3105 1892 3165 c
1924 3088 2327 3158 superexaltate
2350 3102 2477 3145 eum
2511 3088 2567 3143 in
2594 3089 2817 3144 soecula.

1998 3179 2090 3235 86.
2128 3177 2440 3235 Benedicite
2463 3178 2712 3249 spiritus,
2752 3187 2808 3235 et
2844 3178 3042 3235 animae
3084 3178 3360 3250 justorum
3389 3180 3499 3238 Do-

1928 3266 2100 3336 mino,
2133 3265 2373 3333 laudate,
2399 3273 2455 3321 et
2481 3265 2880 3336 superexaltate
2901 3279 3026 3323 eum
3056 3267 3112 3322 in
3136 3268 3357 3325 saecula.

1999 3438 2087 3495 87.
2127 3436 2437 3495 Benedicite
2473 3435 2673 3506 sancti,
2707 3444 2764 3496 et
2797 3438 3030 3497 humiles
3056 3439 3221 3498 corde
3240 3439 3499 3512 Domino,

1927 3524 2165 3592 laudate,
2196 3532 2252 3581 et
2278 3522 2682 3596 superexaltate
2708 3539 2835 3581 eum
2868 3524 2927 3581 in
2959 3525 3156 3582 saecula

1997 3711 2088 3770 88.
2128 3711 2440 3771 Benedicite
2465 3712 2702 3783 Ananis,
2728 3715 2944 3785 Azan-ia,
2998 3715 3187 3774 Hisael
3242 3716 3495 3785 Domino,

1924 3804 2164 3871 laudate,
2191 3813 2246 3862 et
2269 3806 2669 3876 superexaltate
2695 3821 2821 3865 eum
2851 3811 2909 3865 in
2959 3810 3177 3865 saecula.
3197 3807 3335 3876 Quia
3353 3810 3499 3865 cruit

1924 3910 2026 3953 nos
2049 3901 2118 3954 de
2137 3896 2372 3964 inferno,
2402 3897 2551 3954 etde
2578 3914 2742 3954 manu
2777 3898 2973 3955 mortis
3000 3899 3180 3955 salvos
3222 3898 3349 3958 fecit
3374 3915 3494 3966 nos,

1923 3996 1980 4045 ct
2011 3989 2262 4045 liberavit
2294 4002 2396 4044 nos
2426 3988 2498 4044 de
2551 3988 2734 4046 medio
2770 3988 3013 4045 ardentis
3056 3989 3308 4059 flammae,
3340 4000 3396 4048 et
3426 3992 3496 4048 de

1926 4079 2107 4136 medio
2135 4079 2277 4151 ignis
2304 4078 2448 4135 eruit
2478 4091 2601 4135 nos.

1994 4252 2444 4312 89.Consstemini
2479 4253 2729 4322 Domino,
2758 4252 3016 4326 quonism
3032 4254 3492 4328 bonus,quoniam

1922 4350 1979 4406 in
2013 4358 2279 4406 aeternum
2318 4348 2697 4406 misericordia
2728 4347 2872 4421 eius.

309 4441 403 4497 90.
429 4440 716 4511 Βὺλογεῖτε
749 4444 953 4508 πάντες
1007 4445 1059 4499 οἰ
1112 4444 1398 4516 σεδόμενοι
1442 4443 1535 4499 τὸν
1582 4444 1812 4518 Κύριον,
1846 4452 1893 4510 1)
1994 4441 2086 4498 90.
2125 4441 2438 4500 Benedicite
2483 4457 2676 4500 omnes
2738 4440 2981 4499 colentes
3041 4440 3357 4510 Dominum,
3389 4439 3495 4500 Do-

238 4531 447 4607 Κύριον
467 4534 558 4588 τὸν
588 4532 726 4588 Θεὸν
743 4533 855 4588 τῶν
877 4534 1037 4600 θεῶν,
1071 4536 1317 4607 ὑμνεῖτε,
1345 4535 1443 4591 καί
1473 4536 1815 4609 ἐξομολογεῖ-

242 4625 359 4692 σθε,
385 4625 466 4681 δτι
495 4626 576 4690 εἰς
609 4625 819 4690 πάντας
842 4625 969 4691 τοὺς
992 4626 1197 4692 αἰῶνας
1220 4626 1282 4682 τὸ
1310 4626 1456 4692 ῑλεος
1488 4628 1673 4686 αὑτοῦ.

309 4718 399 4776 91.
442 4717 556 4774 Καὶ
581 4718 1053 4791 Ναὸουχοδονόσορ
1098 4720 1334 4792 ῆκουσεν
1380 4720 1693 4791 ὑμνούντων
1720 4721 1818 4775 αὑ-

239 4808 369 4878 τῶν,
402 4810 500 4865 καὶ
541 4808 847 4881 ἰθαύμασε,
900 4809 998 4865 καὶ
1053 4808 1314 4881 ἐξανέστη
1351 4809 1411 4862 ὲν
1438 4811 1666 4883 σπουδῇ,
1717 4813 1817 4867 καὶ

244 4895 365 4953 εἰπε
395 4905 508 4967 τοῖς
544 4903 868 4974 μεγιστᾶσιν
902 4898 1091 4955 αὑτοῦ·
1117 4900 1255 4973 Οὑχί
1279 4899 1480 4976 ἄνδρας
1497 4904 1648 4973 τρεῖς
1685 4901 1812 4958 ἰδα-

243 4985 412 5059 λομεν
447 4993 530 5059 εἰς
563 4996 730 5064 μεσον
761 4995 856 5051 τοῦ
878 4996 1054 5072 πυρὸς
1083 4997 1530 5070 πεπεδημένους;
1563 4997 1662 5052 καὶ
1681 4998 1819 5052 ἀπο-

244 5080 525 5153 κριθέντες
542 5083 762 5153 λίγουσι
786 5087 866 5159 τῷ
888 5087 1099 5159 βασιλεῖ
1114 5103 1131 5121 ·
1175 5088 1440 5161 Ἀληθῶς,
1464 5085 1712 5159 βασιλεῦ.

317 5172 409 5230 92.
438 5174 553 5229 Καὶ
595 5176 915 5248 ἀποκριθεὶς
956 5174 1112 5235 εἶπεν
1141 5178 1172 5233 ὑ
1218 5177 1472 5251 βασιλεύς
1493 5195 1510 5210 ·
1540 5172 1668 5234 Ὧδε
1705 5179 1817 5250 ἐγὼ

243 5263 356 5337 ὁρῶ
380 5265 582 5337 ἄνδρας
611 5266 885 5340 τέσσαρας
918 5268 1248 5342 λελυμένους
1292 5267 1729 5344 περιπατοῦντας
1756 5272 1815 5326 εν

248 5357 400 5430 μέσῳ
417 5356 512 5413 τοῦ
533 5359 727 5432 πυρὸς,
758 5360 856 5416 καί
873 5360 1142 5435 διαφθορὰ
1165 5362 1266 5416 οὑκ
1297 5361 1448 5418 ἔστιν
1482 5363 1685 5430 αὐτοῖς,
1716 5362 1815 5418 καὶ

242 5450 278 5521 ἡ
306 5449 495 5523 ὅρασις
513 5449 608 5506 τοῦ
627 5449 893 5526 τετάρτου
920 5453 1083 5525 ὁμοία
1112 5453 1215 5526 υἰῷ
1242 5452 1401 5512 Θεοῦ.

310 5541 404 5599 93.
425 5542 562 5598 Τότε
588 5542 861 5618 προσῆλθε
880 5544 1352 5620 Ναὸουχοδονόσορ
1375 5543 1511 5619 πρὸς
1523 5544 1625 5617 τὴν
1638 5542 1811 5617 θύραν

243 5630 341 5706 τῆς
365 5633 598 5706 καμίνου
640 5632 734 5691 τοῦ
781 5635 955 5708 πυρὸς
1001 5635 1105 5708 τῆς
1149 5635 1467 5709 καιομένης,
1496 5637 1592 5692 καί
1619 5631 1806 5690 εἶπεν·

244 5722 468 5800 Σεδρὰχ,
494 5725 717 5801 Μισὰχ,
762 5725 1094 5800 Ἀδδεναγὼ,
1135 5729 1186 5784 οἰ
1227 5727 1399 5784 δοῦλοι
1417 5728 1509 5784 τοῦ
1549 5726 1684 5783 Θεοῦ
1713 5727 1808 5783 τοῦ

1919 4534 2072 4590 mino
2099 4531 2211 4591 Deo
2230 4533 2478 4600 deorum,
2506 4533 2743 4603 laudate,
2774 4543 2831 4592 et
2858 4534 3491 4607 confitemini,quoniam

1915 4628 1975 4685 in
2012 4625 2197 4684 omnia
2228 4625 2425 4683 saecula
2456 4626 2832 4684 misericordia
2855 4627 2999 4699 ejus.

1989 4719 2081 4777 91.
2118 4717 2188 4775 Et
2204 4716 2707 4777 Nabuchodonosor
2733 4720 2944 4776 audivit
2965 4718 3250 4776 laudantes
3276 4718 3418 4782 illos,
3435 4725 3492 4774 et

1917 4809 2223 4883 obstupuit,
2250 4817 2305 4867 et
2332 4810 2575 4868 surrexit
2623 4825 2876 4883 propere,
2924 4818 2980 4868 et
3023 4810 3102 4868 ait
3133 4807 3491 4882 optimatibus

1918 4900 2288 4961 suiszNonne
2326 4902 2476 4959 viros
2508 4910 2620 4960 tres
2656 4905 2911 4962 misimus
2952 4903 3008 4959 in
3060 4903 3300 4960 medium
3348 4903 3492 4975 ignis

1917 4990 2299 5066 compeditos?
2330 5001 2387 5050 et
2440 4994 2836 5065 respondentes
2886 4992 3081 5050 dicunt
3132 4990 3245 5065 regi
3276 5009 3292 5048 ε
3327 4992 3488 5058 Vere,

1918 5100 2036 5141 rex.

1984 5175 2076 5233 92.
2116 5174 2184 5232 Et
2215 5173 2556 5249 respondens
2589 5173 2729 5231 dixit
2754 5190 2890 5232 rex:
2950 5173 3051 5232 liic
3086 5188 3191 5246 ego
3218 5172 3380 5229 video
3409 5172 3489 5228 vi·

1917 5282 2012 5324 ros
2044 5278 2281 5341 quatuor
2314 5269 2527 5326 solutos
2555 5266 2900 5324 ambulantes
2926 5266 2983 5323 in
3017 5265 3200 5323 medio
3236 5265 3400 5338 ignis,
3431 5273 3488 5322 et

1915 5359 2195 5430 corruptio
2221 5372 2331 5416 non
2357 5367 2442 5416 est
2488 5359 2543 5415 in
2570 5360 2675 5427 cis,
2726 5367 2781 5415 et
2822 5357 3033 5431 species
3078 5358 3261 5430 quarti
3289 5359 3486 5416 similis

1915 5450 2030 5506 mio
2062 5449 2180 5507 Dei.

1984 5543 2076 5599 93.
2117 5542 2273 5600 Tune
2315 5544 2553 5603 accessit
2607 5543 3115 5604 Nabuchodonosor
3157 5545 3228 5602 ad
3279 5546 3483 5603 ostium

1914 5633 2156 5692 fornacis
2184 5635 2327 5708 ignis
2346 5637 2612 5707 ardentis,
2632 5647 2689 5695 et
2711 5639 2850 5697 dixit
2891 5656 2906 5695 z
2946 5637 3184 5696 Sedracb
3209 5678 3225 5706 ,
3252 5635 3483 5705 misach,

1913 5729 2229 5803 Abdenago,
2257 5731 2400 5788 servi
2428 5731 2521 5791 Dei
2547 5733 2767 5803 excelsi,
2791 5732 3131 5804 egredimini,
3184 5740 3237 5790 ct
3280 5731 3479 5790 venite.
