3967 6217
88 351 267 410 2737

1291 355 1697 418 tttzsscmtts
1732 362 1961 423 CAPUT
1998 364 2234 422 ΧΧΧΙΙΙ.

3282 363 3428 424 2758

89 487 340 531 mnes-e
372 472 551 534 faciet
579 474 762 533 lumen
778 477 926 548 ejus.
962 475 1015 534 8.
1053 476 1250 534 Omnia
1293 478 1478 535 lucere
1506 478 1759 538 facientia
1789 489 1837 547 Α
1863 498 1971 540 non
2019 483 2352 550 circumcisi,
2380 481 2546 539 occisi
2591 495 2623 536 a
2659 478 2858 552 gladio,
2886 478 2979 548 qni
3017 477 3280 535 dederunt
3317 491 3428 537 ter-

88 579 340 623 tumen
389 568 526 624 coeli
550 566 1005 625 obtenebrescent
1036 586 1201 643 super
1249 580 1323 637 te,
1350 580 1404 627 et
1435 570 1578 627 dabo
1609 581 1761 628 tene-
1865 590 2042 632 rorem
2074 590 2233 632 suurn
2276 588 2441 646 super
2462 581 2607 628 terra
2635 568 2893 627 vitae.2“1.
2922 570 2992 637 3⁸(
3020 565 3086 624 Et
3110 583 3223 622 non
3249 569 3275 638 ζ
3299 568 3429 624 dor-

88 653 265 711 brts
318 671 511 729 super
545 666 745 717 terram
789 668 967 725 tuam,
995 661 1133 718 dicit
1173 660 1441 720 Dominus
1463 661 1753 720 Dominus.

88 746 164 802 t).
197 745 295 803 Et
323 747 576 807 irritabo
601 737 697 807 cor
717 752 961 824 gentium
997 752 1313 820 multarum,
1330 768 1456 810 cum
1480 753 1759 812 adduxero

88 837 545 907 captivitatem
591 847 739 896 tuam
788 841 842 897 in
874 851 1087 915 gentes,
1114 842 1169 897 in
1207 852 1408 900 terram
1447 858 1612 915 quam
1646 860 1757 902 non

93 927 401 986 novisti.
433 929 523 986 10.
556 929 633 1003 (η)
669 929 738 988 Ει
774 933 1254 991 contristabuntur
1289 949 1452 1005 super
1489 945 1541 991 te
1570 944 1757 1008 gentes

97 1018 376 1087 rnuitae,
423 1027 481 1075 et
525 1035 683 1094 reges
730 1038 921 1080 eorum
954 1026 1029 1098 (ο)
1066 1031 1290 1097 stupore
1333 1026 1406 1097 Χ
1454 1041 1621 1099 super
1650 1031 1753 1101 tc:

91 1117 514 1182 stupescent,
540 1128 664 1170 cum
689 1116 954 1174 volaverit
974 1116 1186 1190 gladius
1212 1134 1369 1176 meus
1402 1134 1567 1191 snper
1586 1118 1756 1179 iacies

94 1211 385 1268 eorum,
417 1202 498 1276 (p)
522 1215 904 1278 exspectantes
941 1208 1156 1265 ruinam
1211 1221 1367 1267 suam
1394 1226 1425 1267 a
1460 1210 1549 1268 die
1580 1211 1757 1268 ruinae

101 1298 272 1347 tuan.
315 1293 426 1348 ss.
463 1293 602 1364 Quia
632 1295 749 1355 baec
784 1297 919 1356 dicit
963 1299 1231 1358 Dominus
1281 1299 1545 1359 Dominus
1579 1318 1595 1358 ε
1625 1300 1757 1358 Gia-

109 1379 278 1440 d'ms
315 1386 483 1456 regis
527 1386 818 1461 Babylonia
850 1390 1033 1447 veniet
1080 1390 1201 1460 tibi,
1237 1391 1328 1448 12.
1351 1392 1409 1447 iu
1437 1390 1633 1465 gladiis
1676 1393 1759 1461 κί-

114 1483 427 1544 gantum,
467 1485 525 1534 et
558 1477 816 1550 dejiciam
868 1480 1243 1539 tortitudinem
1297 1490 1446 1539 tuam
1478 1501 1495 1540 z
1529 1497 1757 1555 corrup·

117 1572 306 1620 tores
344 1579 551 1624 omnes
595 1569 665 1626 de
702 1570 981 1641 gentibus,
1013 1579 1070 1629 et
1105 1572 1337 1645 perdent
1365 1573 1754 1631 contumeliam

125 1651 425 1726 AEgypti,
457 1668 514 1714 et
541 1668 855 1717 conteretur
883 1663 1067 1719 omnis
1103 1661 1366 1721 fortitudo
1391 1664 1536 1737 ejus.
1572 1666 1657 1724 15.
1687 1664 1756 1723 Et

129 1746 404 1815 perdam
432 1763 602 1807 omne
623 1753 931 1824 jumentum
956 1756 1079 1827 eius
1098 1757 1169 1813 ab
1199 1771 1340 1830 aqua
1374 1759 1566 1827 muita,
1603 1759 1679 1832 (a)
1699 1769 1757 1817 et

137 1847 280 1890 non
313 1839 802 1908 pet-tnrlubiteam
839 1859 934 1916 pes
977 1844 1238 1916 bominis,
1262 1856 1318 1904 et
1339 1848 1623 1919 vestigium
1658 1849 1753 1920 ju·

139 1928 343 1984 ruenti
375 1945 492 1987 non
525 1935 867 1993 conculcabit
891 1952 1036 1995 eam.
1065 1938 1154 1994 ss.
1186 1951 1249 1996 -ι-
1284 1940 1418 2010 sict
1442 1952 1574 1997 tunc
1597 1942 1756 2012 qnie-

145 2025 331 2072 scent
358 2034 524 2092 aquae
564 2039 780 2092 eorum,
808 2037 864 2083 et
899 2028 1124 2085 flumina
1154 2043 1348 2086 corum
1382 2030 1542 2100 quasi
1572 2031 1753 2088 oleum

149 2105 371 2174 tinent,
424 2111 561 2168 dicit
597 2113 809 2171 Adonai
874 2116 1162 2176 Dominus.
1222 2119 1311 2175 15.
1359 2121 1499 2176 Cum
1549 2123 1754 2181 dedero

89 2207 90 2226 ¹
155 2193 485 2269 AEgyptntn
519 2203 574 2258 in
621 2206 999 2275 perditionem,
1039 2218 1097 2265 ct
1131 2221 1341 2266 vastata
1391 2212 1555 2269 ruerit
1610 2223 1755 2269 terra

152 2301 298 2344 curn
337 2291 681 2359 plenitudine
711 2310 830 2362 sua,
858 2312 982 2353 cum
1031 2298 1341 2370 dispersero
1367 2315 1560 2359 omnes
1598 2303 1756 2360 habi-

155 2387 359 2436 tantes
407 2381 467 2435 in
514 2397 602 2448 ca,
637 2394 694 2442 ct
739 2386 936 2452 scient,
973 2390 1102 2459 quia
1146 2403 1250 2461 ego
1303 2406 1426 2448 sum
1467 2392 1751 2451 Dominus.

155 2469 260 2527 ¹6.
297 2469 651 2531 Lamentatio
677 2487 778 2542 est,
803 2487 862 2535 et
903 2478 1354 2538 lamentabuntur
1380 2498 1523 2549 eam,
1546 2493 1602 2540 et
1630 2485 1753 2542 tiliae

157 2562 421 2630 gentium
470 2564 917 2625 lamentabuntur
962 2586 1084 2628 earn
1121 2587 1289 2642 snper
1342 2572 1659 2647 AEgyptum,
1698 2587 1754 2633 et

161 2666 348 2724 super
407 2670 630 2712 omnem
688 2657 1069 2717 fortitudinem
1136 2663 1256 2731 eius
1309 2665 1755 2722 lamentabuntur

160 2758 319 2810 eam,
351 2745 488 2804 dicit
517 2746 780 2807 Dontinus
814 2751 1096 2810 Dominus.
1125 2754 1218 2811 17.
1251 2753 1319 2810 Et
1346 2756 1546 2814 lactum
1572 2766 1657 2814 cst
1691 2759 1749 2815 in

165 2850 323 2892 anno
368 2838 726 2908 duodecimo,
778 2841 834 2897 in
897 2859 1088 2901 ntense
1142 2845 1340 2916 primo,
1399 2848 1750 2919 quindecimo

167 2926 410 2995 mensis,
436 2926 640 2986 sactum
667 2939 754 2988 est
777 2932 1004 2991 verbum
1035 2932 1251 2991 Domini
1285 2935 1355 2993 ad
1395 2952 1498 3007 mc,
1523 2939 1746 2997 dicens:

89 3035 90 3042 ¹
171 3019 269 3076 18.
306 3017 410 3077 snt
436 3021 779 3096 bominis,(r)
803 3025 1102 3085 lamentare
1119 3029 1557 3087 lamentationem
1583 3045 1752 3103 super

89 3145 90 3162 1
174 3108 562 3170 fortitudinem
607 3111 848 3187 AEgypn,
888 3123 944 3174 et
989 3119 1323 3175 descendere
1357 3119 1560 3176 facient
1607 3123 1750 3180 tilius
1776 3164 1821 3223 c

89 3209 92 3254 r
171 3196 300 3269 ejus
326 3211 520 3272 gentes
552 3212 800 3260 mortuas
833 3203 889 3260 in
936 3206 1267 3277 protundum
1305 3216 1486 3276 terrae,
1524 3210 1594 3265 ad
1630 3225 1750 3277 eos,

88 3313 93 3349 r
173 3289 272 3358 nui
301 3291 644 3350 descendunt
671 3292 725 3348 in
751 3293 985 3354 foveam.
1011 3296 1103 3354 19.
1123 3298 1192 3366 3⁸<
1218 3298 1300 3353 Ab
1325 3299 1486 3369 aquis
1510 3300 1755 3370 pulchris

89 3407 90 3422 ι
176 3376 378 3435 decore
411 3378 439 3450 ζ
465 3380 758 3448 descende,
793 3390 853 3438 et
885 3383 1063 3439 dormi
1095 3399 1220 3440 cum
1249 3400 1360 3441 non
1393 3387 1753 3458 circumcisis,

178 3465 239 3521 in
269 3469 451 3524 medio
484 3470 795 3526 occisorum
829 3474 1012 3544 gladio
1062 3475 1257 3531 cadent
1296 3492 1420 3533 cum
1457 3493 1548 3546 co,
1578 3479 1669 3537 20.
1700 3490 1757 3539 et

181 3549 418 3607 dormiet
471 3565 639 3610 omne
698 3556 870 3614 robur
905 3559 1047 3630 ejus.
1082 3561 1173 3617 21.
1211 3562 1285 3621 Et
1328 3565 1512 3624 dicent
1536 3568 1633 3625 tibi
1670 3571 1752 3642 gi·-

187 3650 376 3710 gantos
403 3660 419 3699 ε
451 3640 510 3700 ln
550 3644 824 3716 profundo
871 3648 1040 3708 foveae
1073 3663 1194 3711 esto
1227 3673 1243 3712 ε
1283 3672 1394 3728 quo
1420 3660 1615 3716 melior
1649 3662 1752 3718 es?

187 3731 472 3801 descende,
503 3745 560 3793 et
585 3737 762 3796 dormi
794 3755 919 3797 cnm
967 3757 1076 3799 uon
1114 3745 1452 3806 circumcisis
1480 3750 1537 3808 in
1569 3754 1752 3810 medio

187 3826 489 3886 occisorum
508 3829 727 3902 gladiis.
758 3832 848 3889 22.
886 3835 962 3890 ibi
989 3834 1186 3906 Assur,
1210 3847 1267 3895 et
1296 3841 1480 3900 omnis
1516 3855 1749 3914 congre·

193 3917 333 3988 gatio
361 3920 501 3992 cius,
543 3935 608 3978 -ι-
633 3938 826 3982 omnes
857 3924 882 3997 ζ
908 3928 1078 3984 occisi
1115 3930 1192 3985 ibi
1216 3930 1332 3987 dati
1363 3941 1510 4000 sunt,
1551 3943 1609 3991 et
1656 3951 1749 3992 se-

191 4009 429 4080 pulcrum
457 4015 648 4070 eorum
678 4014 733 4070 in
771 4016 1044 4086 profundo
1076 4017 1246 4075 i'oveoe
1273 4038 1290 4076 ε
1320 4031 1380 4077 et
1405 4021 1551 4080 facta
1569 4035 1655 4082 est
1679 4040 1748 4083 -r-

193 4103 527 4173 congrcgatio
563 4102 690 4174 ejus
726 4105 776 4176 ζ,
806 4105 952 4162 circa
1004 4109 1320 4178 sepulcrum
1375 4111 1498 4181 eins
1555 4125 1751 4173 omues

193 4191 374 4260 occisi,
401 4192 494 4263 qui
535 4195 852 4252 ceciderunt
877 4197 1060 4268 gladio
1099 4216 1115 4254 ι
1150 4198 1243 4255 23.
1268 4201 1337 4269 3(
1356 4201 1453 4271 qui
1482 4201 1756 4260 dederunt

197 4287 434 4358 scpulcra
463 4289 589 4359 ejus
615 4290 676 4347 ia
715 4291 979 4350 lateribus
1003 4290 1217 4350 ioveae:
1256 4295 1326 4368 (s)
1364 4305 1421 4352 et
1461 4297 1642 4355 t'actus
1666 4310 1754 4357 est

198 4385 364 4436 cetus
382 4379 527 4437 eirea
555 4381 872 4452 sepulcrum
899 4383 1064 4453 eius:
1096 4400 1289 4443 omncs
1323 4386 1516 4453 occisi,
1545 4389 1751 4446 cadeu-

1861 666 2103 721 mierunt
2125 681 2249 722 cum
2283 663 2614 737 gigantibus,
2641 660 2736 731 qui
2762 659 3077 717 ceciderunt
3102 657 3172 713 ab
3201 667 3425 722 aeterno.

1857 758 1952 829 qui
1989 755 2391 815 descenderunt
2413 755 2468 811 in
2499 753 2773 810 infernum
2805 752 2861 808 in
2882 750 3050 807 armis
3079 751 3149 820 Χ
3182 763 3370 805 corium
3399 748 3422 815 ζ

1857 845 2095 914 bellicis,
2120 847 2186 918 (ι)
2219 854 2273 902 et
2310 853 2615 917 posuerunt
2640 842 2850 915 gladios
2877 856 3007 898 suos
3032 841 3135 897 sub
3157 838 3429 910 capitibus

1857 937 1997 1003 suis,
2026 946 2081 994 et
2112 936 2268 992 factas
2298 943 2428 993 sunt
2462 935 2778 1006 iniquitates
2804 947 2995 990 corum
3020 945 3186 1004 super
3210 929 3428 986 ossibus

1856 1041 2071 1091 eorum,
2111 1026 2239 1098 qnia
2262 1033 2575 1082 terruerunt
2611 1024 2857 1081 fortesin
2881 1024 2989 1079 vita
3026 1019 3253 1079 sua.28.
3278 1018 3346 1074 Et
3369 1027 3427 1074 tu

1855 1116 1913 1174 in
1966 1114 2148 1173 medio
2200 1130 2311 1171 non
2368 1112 2818 1171 circumcisorum
2859 1111 2929 1180 3(
2955 1107 3253 1166 contereris
3288 1106 3346 1176 ζ,
3374 1114 3431 1161 ct

1854 1208 2097 1268 dormies
2125 1221 2253 1264 cum
2280 1205 2478 1263 occisis
2505 1204 2706 1275 gladio.
2735 1203 2827 1259 29.
2859 1201 2935 1258 lbi
2969 1201 3051 1273 (ιι)
3078 1198 3275 1263 Edem,
3293 1198 3429 1264 >zet

1853 1315 2011 1372 reges
2036 1297 2158 1372 ejus
2184 1300 2244 1370 ζ,
2270 1308 2325 1353 et
2342 1310 2536 1353 omncs
2563 1293 2837 1366 principes
2855 1292 2998 1363 ejus,
3029 1290 3127 1362 qui
3157 1288 3432 1347 dederunt

1855 1391 2029 1448 robur
2064 1404 2225 1446 suum
2270 1386 2327 1443 in
2378 1383 2790 1458 percussionem
2815 1381 2979 1455 gladii
3006 1399 3022 1436 ε
3052 1380 3142 1436 isti
3178 1395 3305 1436 curn
3335 1394 3431 1435 oc-

1854 1481 1989 1539 cisis
2031 1479 2394 1544 dormierunt,
2433 1490 2563 1534 cum
2606 1471 3060 1532 descendentibus
3104 1471 3163 1526 in
3193 1470 3430 1528 foveam.

1850 1572 1943 1630 50.
1972 1569 2053 1627 lbi
2080 1570 2162 1643 (x)
2197 1569 2473 1641 principes
2496 1563 2788 1640 aquilonis,
2817 1577 3010 1621 omnes
3040 1561 3213 1619 duces
3233 1562 3429 1624 Assur,

1853 1663 2249 1721 descendentes
2290 1660 2460 1717 occisi
2498 1658 2578 1732 (y)
2606 1672 2731 1715 cum
2771 1665 2981 1712 terrore
3001 1666 3125 1718 suo,
3149 1663 3205 1709 et
3241 1651 3297 1706 in
3336 1666 3435 1704 ro-

1853 1754 1989 1811 bore
2013 1768 2116 1811 suo
2151 1754 2222 1823 Χ
2259 1750 2477 1809 confusi
2524 1752 2550 1823 ζ
2586 1743 2931 1806 dormierunt=
2969 1759 3080 1800 non
3116 1740 3426 1799 circumcisi

1784 1825 1827 1882 B
1856 1861 1981 1904 cum
2005 1845 2204 1903 occisis
2223 1844 2425 1916 gladio,
2453 1850 2509 1900 et
2543 1848 2870 1913 acceperunt
2907 1843 3238 1895 tormentum
3264 1849 3426 1891 sunm

1855 1952 1984 1994 cum
2033 1925 2488 1993 descendentibus
2542 1933 2598 1989 in
2651 1932 2884 1989 foveam.
2937 1930 3029 1986 51.
3072 1926 3179 1984 Eos
3226 1926 3433 1983 videbit

1858 2027 2095 2091 Pharao,
2127 2035 2183 2082 et
2232 2025 2659 2084 consolationem
2699 2021 2928 2093 accipiet
2985 2034 3111 2077 cum
3161 2018 3311 2073 omni
3338 2033 3429 2073 ro-

1859 2121 1996 2177 bore
2038 2134 2251 2189 eornm,
2280 2119 2350 2188 )ι(
2377 2117 2545 2174 occisi
2591 2114 2770 2189 gladio
2803 2112 3129 2177 Pharaonis,
3156 2119 3211 2166 et
3244 2109 3427 2165 omnis

1859 2210 2100 2281 potentia
2129 2209 2251 2280 ejus
2282 2209 2341 2279 ζ,
2363 2206 2496 2264 dicit
2538 2205 2805 2262 Dominus
2837 2197 3126 2258 Dominus.
3158 2199 3250 2256 52.
3287 2198 3430 2265 Quia

1857 2300 1980 2356 dedi
2030 2308 2232 2355 metum
2266 2298 2388 2369 ejus
2432 2311 2601 2368 super
2646 2303 2791 2351 terra
2822 2292 2967 2358 vitae,
3000 2300 3055 2348 et
3100 2289 3335 2346 dormiet
3369 2289 3427 2343 in

1857 2391 2039 2449 medio
2071 2406 2180 2449 non
2207 2389 2657 2447 circumcisorum
2696 2401 2822 2443 cum
2848 2384 3050 2442 occisis
3077 2382 3258 2455 gladio
3279 2381 3425 2435 Pita-

1855 2497 1977 2547 rao,
2016 2491 2073 2539 et
2120 2482 2301 2538 omnis
2337 2480 2627 2537 multitudo
2661 2477 2807 2551 eius,
2856 2475 2993 2532 dicit
3028 2473 3293 2529 Dominus
3315 2470 3427 2527 Do-

1856 2586 2063 2628 minus.

1924 2663 2058 2732 Cap.
2092 2659 2330 2716 xxxiii.
2351 2689 2425 2701 --
2448 2660 2499 2717 1.
2525 2660 2594 2717 Et
2615 2657 2819 2715 sactum
2847 2664 2933 2715 est
2953 2654 3181 2714 verbum
3210 2650 3428 2708 Domini

1855 2752 1924 2809 ad
1951 2767 2062 2822 me,
2091 2753 2280 2810 dicens
2312 2770 2328 2807 ς
2361 2750 2418 2806 2.
2450 2749 2553 2807 Fili
2606 2750 2868 2815 bominis,
2921 2749 3147 2820 loquere
3177 2743 3304 2800 tiliis
3333 2757 3432 2813 po·

1852 2843 1966 2917 puli
1993 2844 2092 2909 tui,
2141 2852 2197 2900 et
2225 2842 2378 2900 dices
2424 2842 2492 2898 ad
2529 2855 2627 2899 eos
2655 2860 2670 2898 t
2702 2839 2889 2905 Terra,
2936 2853 3103 2909 super
3141 2850 3305 2908 quam
3340 2835 3429 2897 in·

1852 2935 2066 2992 duxero
2097 2935 2360 3007 gladium,
2405 2941 2462 2991 et
2498 2932 2757 2990 sumserit
2810 2931 3044 3003 populus
3095 2929 3218 3000 ejus
3269 2935 3433 2983 terrae

1855 3025 2131 3083 bominem
2161 3042 2331 3083 unum
2360 3025 2433 3098 (z)
2460 3041 2526 3082 ex
2559 3025 2663 3092 eis,
2692 3031 2751 3081 et
2784 3024 3035 3081 dederint
3067 3036 3193 3078 eum
3224 3019 3330 3076 sibi
3369 3017 3427 3073 in

1854 3118 2277 3189 speculatorem,
2298 3119 2356 3175 5.
2378 3128 2436 3174 et
2460 3115 2655 3174 viderit
2671 3116 2910 3189 gladium
2930 3113 3235 3171 venientem
3261 3123 3433 3182 super

1851 3217 2077 3275 terram,
2111 3217 2168 3265 et
2207 3209 2475 3265 clanxerit
2518 3208 2669 3275 tuba,
2707 3215 2764 3262 et
2786 3204 3181 3276 significaverit
3202 3202 3429 3275 populo,

1853 3296 1909 3352 t.
1938 3306 1994 3353 et
2019 3296 2290 3354 audiverit
2324 3297 2558 3353 audiens
2585 3309 2774 3352 vocem
2804 3294 2972 3361 tubae,
2996 3302 3052 3348 et
3089 3307 3202 3348 non
3240 3305 3301 3348 se
3331 3305 3430 3347 cn·

1853 3386 2160 3453 stodiverit,
2187 3395 2243 3444 et
2269 3386 2481 3444 venerit
2522 3401 2689 3457 super
2718 3400 2846 3441 eum
2869 3383 3105 3455 gladius,
3144 3390 3200 3439 et
3235 3393 3427 3452 apprc-

1854 3474 2106 3532 bendcrit
2131 3491 2284 3544 enm,
2318 3477 2545 3549 sanguis
2570 3475 2691 3547 ejus
2715 3489 2881 3545 super
2897 3482 3063 3546 caput
3091 3471 3265 3542 ipsius
3291 3469 3429 3538 erit;

1852 3567 1907 3623 5.
1934 3568 2067 3640 quia
2088 3583 2273 3626 vocem
2303 3570 2450 3626 tubae
2482 3583 2607 3625 cum
2634 3568 2862 3633 audivit,
2882 3582 2990 3623 non
3021 3581 3083 3623 se
3107 3562 3423 3627 custodivit,

1851 3658 2076 3730 sangnis
2095 3659 2218 3729 ejus
2244 3673 2409 3730 snper
2433 3673 2558 3716 cnm
2596 3657 2702 3713 erit
2734 3674 2751 3711 ε
2779 3665 2835 3712 et
2865 3655 2975 3722 bic,
3000 3653 3130 3727 quia
3154 3666 3214 3709 se
3239 3660 3425 3708 costo-

1847 3750 2009 3816 divit,
2047 3752 2287 3805 animam
2319 3765 2474 3805 suam
2519 3748 2790 3805 liberavit.
2827 3747 2882 3801 6.
2924 3745 2990 3802 Et
3032 3744 3346 3815 speculator
3375 3742 3425 3797 si

1848 3841 2047 3898 viderit
2072 3841 2313 3913 gladium
2337 3840 2666 3905 venientem,
2692 3846 2752 3894 et
2783 3852 2891 3893 non
2917 3833 3306 3906 significaverit
3331 3846 3426 3902 per

1851 3932 2060 3998 tubam,
2090 3943 2145 3989 et
2172 3932 2404 4004 populns
2426 3946 2536 3988 non
2557 3927 3011 3993 secustodiverit,
3039 3934 3243 3982 etcum
3275 3923 3427 3977 venit

1849 4027 2084 4099 gladius,
2114 4026 2301 4083 tulerit
2335 4039 2403 4080 ex
2436 4024 2519 4079 eis
2548 4024 2812 4087 animam,
2840 4019 2934 4074 illa
2964 4026 3189 4090 propter
3219 4014 3424 4086 iniqui-

1848 4127 2017 4173 tatem
2044 4131 2203 4172 suam
2227 4122 2388 4185 capta
2415 4122 2527 4181 est,
2567 4121 2625 4169 et
2661 4111 2984 4181 sanguinem
3030 4124 3064 4165 e
3099 4121 3266 4163 manu
3306 4120 3426 4177 spe-

1849 4204 2115 4261 culatoris
2144 4203 2445 4275 requiram.
2473 4202 2525 4259 7.
2563 4201 2633 4257 Et
2655 4211 2736 4269 tn,
2765 4201 2843 4257 lili
2873 4199 3132 4265 bominis,
3175 4197 3424 4269 specule-

1850 4305 2026 4353 torern
2051 4293 2177 4352 dedi
2206 4294 2467 4352 tedemni
2502 4293 2744 4362 israelis,
2773 4300 2830 4349 et
2856 4289 3046 4347 audies
3082 4303 3150 4346 ex
3182 4302 3279 4344 ore
3301 4301 3425 4343 meo

1850 4386 2100 4452 verbum,
2133 4390 2203 4458 Χ
2226 4397 2285 4445 et
2318 4387 2598 4446 custodies
2634 4401 2734 4444 eos
2771 4400 2805 4440 a
2842 4398 2931 4441 me
2969 4384 3019 4454 ζ.
3046 4382 3102 4438 8.
3134 4380 3272 4437 Cum
3301 4379 3426 4435 dico

201 4481 280 4527 tes
305 4470 471 4543 gladio
493 4471 518 4543 ζ
544 4473 640 4544 qui
662 4472 931 4531 dederunt
954 4477 1203 4534 timorem
1236 4493 1400 4536 suum
1418 4495 1582 4551 super
1603 4490 1749 4538 terra
1779 4509 1826 4566 Ι)
1853 4480 2128 4550 peccatori
2158 4498 2173 4535 ε
2201 4481 2271 4549 3(
2310 4478 2569 4536 Peccator
2594 4479 2653 4550 ζ,
2691 4486 2871 4533 morte
2916 4475 3192 4540 morieris,
3230 4481 3286 4527 et
3312 4486 3422 4525 non

89 4623 90 4628 γ
205 4560 339 4621 vitae.
361 4561 448 4619 26.
475 4561 552 4619 lbi
590 4561 797 4631 AElam,
825 4573 879 4621 et
908 4565 1092 4625 omnis
1137 4567 1397 4627 fortitudo
1443 4570 1565 4643 ejus
1597 4573 1748 4631 circa

205 4651 492 4722 sepulcrum
525 4652 647 4723 ejus
679 4673 695 4710 z
725 4670 919 4715 omnes
939 4659 1131 4728 occisi,
1167 4661 1263 4731 qni
1294 4661 1610 4719 ceciderunt
1623 4665 1746 4735 gla-

205 4742 310 4808 dio,
335 4745 496 4816 etqui
533 4743 873 4805 descendunt
904 4764 1013 4806 non
1071 4750 1380 4810 circumcisi
1414 4751 1474 4810 in
1520 4753 1747 4825 profun-

210 4833 322 4890 dum
347 4845 514 4903 terrac,
540 4837 635 4910 qui
657 4836 926 4896 dederunt
944 4840 1195 4900 timorem
1219 4857 1384 4900 suum
1409 4857 1576 4916 super
1597 4854 1744 4903 terra

212 4924 340 4990 vitat,
369 4935 421 4982 et
445 4939 775 5000 acceperunt
805 4938 1139 4989 tormentum
1168 4948 1328 4990 suum
1369 4948 1500 4992 curn
1530 4935 1622 5002 iis,
1654 4935 1750 5007 qui

215 5015 515 5074 descendunt
568 5018 625 5074 in
679 5020 894 5078 foveam
929 5021 1020 5080 25.
1064 5023 1122 5078 in
1175 5022 1359 5080 medio
1420 5025 1750 5081 occisorum.

213 5106 292 5162 26.
321 5103 388 5163 lbi
407 5105 515 5164 dati
533 5109 927 5178 suntllosocb‚
958 5123 1015 5170 et
1043 5111 1280 5180 Tbebel,
1312 5123 1370 5171 et
1397 5129 1561 5172 omne
1583 5115 1753 5172 robur

216 5198 318 5267 ejus
330 5196 459 5255 circa
485 5200 797 5271 sepulcrum
821 5202 965 5274 eius,
993 5219 1190 5262 omnes
1205 5206 1375 5264 occisi
1392 5207 1535 5278 cius,
1557 5222 1751 5264 ornnes

279 5357 343 5426 (a)
377 5357 454 5422 S..
500 5366 557 5414 et
601 5367 916 5430 stupescere
959 5363 1154 5422 faciam
1203 5375 1532 5440 propter'te
1590 5381 1777 5445 gentes
1828 5376 2052 5431 multas.

1853 4572 2071 4628 locutus
2101 4570 2294 4637 fueris,
2324 4577 2389 4626 ut
2434 4586 2497 4629 se
2532 4569 2805 4628 custodiat
2855 4568 3059 4639 impius
3102 4582 3135 4622 a
3172 4566 3260 4620 via
3301 4578 3419 4628 sua,
3486 4635 3497 4646 .

1853 4663 1947 4720 ilie
1982 4663 2209 4735 iniquus
2235 4663 2290 4721 in
2321 4664 2609 4736 iniquitate
2638 4676 2736 4719 sua
2768 4660 3064 4728 morietur-3
3099 4659 3422 4730 sanguinent

1851 4761 2034 4810 autern
2052 4754 2173 4825 ejus
2198 4769 2229 4811 e
2250 4769 2414 4812 manu
2445 4764 2538 4813 tna
2563 4757 2866 4825 requiram.
2892 4755 3043 4811 9.Τιι
3059 4767 3188 4807 vero
3213 4752 3259 4806 si
3286 4761 3424 4818 prte-

1851 4844 2069 4902 veneris
2118 4845 2525 4903 annuntiaveris
2586 4848 2758 4919 impio
2802 4848 2946 4902 viam
3009 4857 3191 4908 suam,
3242 4851 3300 4895 ιιι
3362 4854 3424 4895 se

1846 4944 2060 4992 avertat
2100 4937 2173 4992 ab
2209 4952 2295 5006 ea,
2338 4946 2396 4994 et
2447 4951 2556 4993 non
2588 4952 2649 4995 se
2702 4937 2963 4993 averterit
2990 4951 3021 4990 a
3046 4935 3137 4989 via
3171 4945 3292 4996 sna,
3333 4930 3423 4985 bic

1847 5027 2126 5100 impietate
2155 5044 2254 5085 sna
2288 5029 2572 5095 morietur,
2610 5040 2666 5086 et
2711 5040 2769 5086 tu
2810 5029 3053 5085 citimam
3100 5034 3251 5081 tuam
3284 5023 3423 5079 iibe-

1847 5120 2000 5176 rasti.
2032 5119 2121 5175 10.
2157 5121 2229 5177 Et
2263 5129 2345 5189 tu,
2384 5122 2457 5177 nti
2490 5121 2750 5190 bominis,
2796 5121 2885 5176 dic
2929 5119 3122 5177 domni
3166 5117 3425 5173 israelis:

1847 5209 1939 5268 Sic
1962 5211 2129 5268 locuti
2167 5214 2322 5279 estis,
2347 5214 2593 5271 dicentes
2618 5231 2632 5269 ε
2654 5212 2883 5270 Errores
2920 5213 3117 5281 nostri,
3139 5222 3195 5268 et
3218 5209 3419 5281 iniqui-

2161 5377 2237 5448 (ο)
2279 5376 2364 5443 S„
2404 5394 2462 5434 se
2502 5378 2676 5451 eriget
2728 5377 2959 5449 capillus
3015 5390 3227 5432 eornm.
3290 5374 3411 5432 ΥΙι..

223 5425 578 5485 inhorrescent.
679 5430 756 5513 tp)
809 5429 894 5498 S..
935 5444 992 5490 et
1038 5437 1428 5509 obstupescent
1500 5455 1682 5513 ropter
1733 5443 1867 5511 ltaec,
1921 5461 2045 5517 (μιν,
2083 5445 2268 5504 subito
2307 5451 2457 5513 licut,
2499 5447 2880 5529 unusquisqne
2924 5454 3145 5517 propter
3174 5444 3423 5500 animam-

224 5511 373 5552 suatn.
469 5498 544 5570 (q)
571 5498 656 5567 S..
689 5509 764 5555 tta
799 5509 857 5557 ut
894 5519 1002 5560 non
1051 5509 1349 5577 perturbet.

226 5566 447 5639 prolonga
482 5581 627 5637 cam,
665 5578 721 5627 et
757 5570 899 5630 tiliae

1476 5511 1524 5582 r)
1569 5509 1654 5578 8.,
1698 5510 1819 5582 Th„
1854 5513 1943 5571 dic
1971 5516 2244 5572 canticum
2279 5517 2347 5573 de
2400 5518 2751 5574 multitudine
2780 5516 3018 5599 AEgypti,
3048 5523 3104 5571 et
3146 5514 3419 5570 inclinans

982 5576 1191 5634 entium
1222 5577 1475 5638 discerne
1521 5581 1574 5637 in
1613 5590 1869 5639 turmam.

1971 5584 2041 5656 (ε)
2084 5583 2168 5651 S„
2203 5585 2342 5642 tacta
2400 5597 2485 5644 est
2516 5586 2803 5643 multitudo
2832 5603 2951 5658 ejus
2985 5585 3415 5655 uniuscujusque

228 5634 347 5691 circa
366 5638 600 5723 scpulcra
628 5639 769 5723 ejus.
849 5641 917 5716 (ι)
994 5684 1033 5713 .,
1058 5656 1115 5703 et
1137 5650 1580 5721 ponenturgladii
1607 5667 1795 5709 eorum
1823 5652 1925 5708 sul»
1950 5653 2218 5724 capitibus
2252 5672 2459 5716 corum.
2537 5660 2615 5730 (n)
2646 5655 2761 5715 Dati
2794 5666 2939 5714 sunt.
3022 5656 3097 5728 (x)
3127 5652 3209 5724 S„
3239 5651 3410 5711 ttncti·

232 5705 293 5776 ιν)
316 5703 379 5773 8.,
406 5722 527 5766 cum
552 5720 678 5769 victi
713 5722 839 5773 sunt
874 5728 903 5769 a
926 5715 1122 5777 robore
1152 5732 1272 5776 suo.
1349 5720 1422 5792 (z)
1462 5720 1578 5790 Th„
1611 5737 1639 5774 a
1672 5731 1820 5796 parte
1847 5739 2053 5782 corun».
